2100 3668
213 227 424 294 CORNELII
445 231 639 297 NEPOTIS
671 234 793 301 VITA·
876 252 915 308 tl

116 408 147 453 to
159 391 231 458 libro
250 397 417 480 persecuti
442 416 579 491 sumus,
610 418 708 479 quem
730 401 913 480 separatim

114 523 147 587 ie
165 546 197 587 eo
222 529 360 590 fecimus
382 540 503 609 rogatu
531 525 571 586 T.
600 527 775 609 Pomponii
797 529 911 591 Attici.

113 652 201 736 Quare
223 660 393 721 studiosos
423 654 560 719 Catonis
587 656 629 716 ad
646 656 735 746 illud
756 659 912 721 volumen

117 786 322 870 delegamus“.
365 793 487 870 Aperte
517 788 662 860 indicat,
695 806 733 847 eo
757 810 843 852 nuno
871 791 912 852 (le

113 910 217 980 Catone
236 920 373 983 brevius
394 936 428 978 se
446 934 568 997 agere,
588 915 665 996 quia
678 922 856 1000 separatim
871 923 912 983 de

110 1048 208 1108 odem
233 1047 417 1129 scripserit.
470 1045 559 1125 Ergo
586 1046 653 1106 vita
680 1047 740 1111 illa
761 1047 912 1125 Catonis,

108 1192 190 1255 quam
200 1177 316 1260 pausis
331 1174 552 1259 perscriptam
567 1174 751 1253 hahemus,
773 1181 912 1256 majoris

105 1322 167 1384 pars
183 1318 235 1367 est
248 1286 494 1378 voluminis‚'in
505 1326 569 1384 quo
585 1306 811 1371 Romanorum
822 1333 912 1373 eom·-

102 1438 235 1519 plnrium
255 1438 342 1500 vitae
353 1436 614 1499 continerentur.
649 1438 690 1500 Et
709 1442 831 1502 sanein
852 1460 912 1501 an.

99 1570 278 1652 liquissimo
295 1569 407 1631 codiee
427 1567 546 1629 Oberti
563 1552 687 1630 Gilanii
698 1524 775 1631 ante
798 1570 910 1637 Vitam

100 1702 190 1762 Attici
200 1701 400 1780 legebantur
408 1696 490 1758 haee
500 1702 620 1759 verba:
641 1698 719 1769 „Ex
730 1698 817 1760 libro
829 1696 911 1757 Cor-

98 1833 168 1893 nelii
178 1830 322 1913 Nepotis
336 1831 375 1890 de
384 1827 512 1889 latinis
524 1827 735 1888 historicis.“
763 1825 913 1906 Reliquit

93 1962 190 2025 etiam
208 1961 447 2042 Exemplorum
476 1958 680 2039 libros,quos
704 1958 806 2019 citant
833 1955 912 2016 Gel-

89 2092 169 2166 aas,
185 2093 291 2165 usa,
308 2110 381 2172 cap.
399 2097 448 2162 15,
466 2086 697 2160 coenamus,
713 2089 772 2151 na.
786 2103 814 2156 1.
839 2060 914 2147 alia

90 2242 224 2305 quoque
242 2222 393 2297 ejusdem
410 2220 550 2282 laudant
577 2228 727 2280 veteres:
759 2217 820 2278 sed
846 2235 914 2276 non

89 2352 184 2424 item,
208 2368 292 2439 quae
313 2351 355 2411 ad
377 2349 555 2411 historiam
580 2349 782 2431 pertineant.
826 2346 915 2408 Nam

89 2502 131 2542 ex
151 2478 294 2562 epistola
311 2479 383 2553 ejus
405 2481 447 2539 ad
465 2477 658 2572 Ciceronem
674 2479 838 2560 quaedam
849 2475 913 2538 La·
1023 2546 1026 2559 ,

89 2610 234 2674 stantius
253 2610 363 2670 adfert
373 2610 432 2672 lib.
451 2618 480 2680 ὅ.
500 2611 611 2670 Instit.
625 2609 738 2672 Divin.
770 2628 844 2689 cap.
864 2618 912 2679 15.

89 2739 384 2821 Quemadmodum
413 2751 446 2800 et
470 2737 639 2800 Ciceronis
672 2737 715 2799 ad
747 2741 915 2819 Nepotem

88 2868 255 2949 epistolae
269 2870 421 2930 meminit
429 2865 646 2949 Tranquillus
659 2863 694 2927 in
703 2866 805 2935 Ju-lio,
817 2887 845 2927 e.
855 2874 912 2945 553

88 3000 287 3062 Ammianus
313 2999 550 3072 Marcellinus,
579 2999 674 3058 initio
693 2999 752 3061 lib.
773 3003 835 3076 263
876 3014 913 3055 ac

89 3126 303 3202 Priscian-us,
322 3129 383 3193 lib.
401 3135 432 3201 ὃ.
476 3130 581 3190 lmmo
606 3142 640 3190 et
656 3128 837 3191 secundum
859 3123 912 3184 Ci-
