<?xml version="1.0" encoding="UTF-8"?>
<!DOCTYPE html PUBLIC "-//W3C//DTD XHTML 1.0 Transitional//EN"
    "http://www.w3.org/TR/xhtml1/DTD/xhtml1-transitional.dtd">
<html xmlns="http://www.w3.org/1999/xhtml" xml:lang="en" lang="en">
 <head>
  <title>
</title>
<meta http-equiv="Content-Type" content="text/html;charset=utf-8" />
  <meta name='ocr-system' content='tesseract 3.04.00' />
  <meta name='ocr-capabilities' content='ocr_page ocr_carea ocr_par ocr_line ocrx_word'/>
</head>
<body>
  <div class='ocr_page' id='page_1' title='image "./corneliinepotis03nepogoog_0044.png"; bbox 0 0 2100 3668; ppageno 0'>
   <div class='ocr_carea' id='block_1_1' title="bbox 167 98 882 200">
    <p class='ocr_par' dir='ltr' id='par_1_1' title="bbox 167 98 882 200">
     <span class='ocr_line' id='line_1_1' title="bbox 167 98 882 200; baseline 0.004 -23"><span class='ocrx_word' id='word_1_1' title='bbox 167 117 210 178; x_wconf 86' lang='lat' dir='ltr'><strong>n.·</strong></span> <span class='ocrx_word' id='word_1_2' title='bbox 232 98 671 181; x_wconf 77' lang='lat' dir='ltr'><strong>rnentsrocnns,</strong></span> <span class='ocrx_word' id='word_1_3' title='bbox 693 128 723 194; x_wconf 63' lang='grc' dir='ltr'><strong>ὅ.</strong></span> <span class='ocrx_word' id='word_1_4' title='bbox 741 136 772 200; x_wconf 83' lang='lat'><strong>9.</strong></span> <span class='ocrx_word' id='word_1_5' title='bbox 844 127 882 197; x_wconf 58' lang='grc' dir='ltr'><strong>ις</strong></span> 
     </span>
    </p>
   </div>
   <div class='ocr_carea' id='block_1_2' title="bbox 9 279 968 2283">
    <p class='ocr_par' dir='ltr' id='par_1_2' title="bbox 9 279 968 2283">
     <span class='ocr_line' id='line_1_2' title="bbox 9 279 880 380; baseline 0.003 -16"><span class='ocrx_word' id='word_1_6' title='bbox 9 279 59 339; x_wconf 47' lang='grc' dir='ltr'><strong>’Μ</strong></span> <span class='ocrx_word' id='word_1_7' title='bbox 92 318 165 380; x_wconf 78' lang='lat' dir='ltr'><strong>qum</strong></span> <span class='ocrx_word' id='word_1_8' title='bbox 186 303 231 365; x_wconf 82' lang='lat' dir='ltr'><strong>ah</strong></span> <span class='ocrx_word' id='word_1_9' title='bbox 258 298 519 365; x_wconf 81' lang='lat' dir='ltr'><strong>Atheniensibus</strong></span> <span class='ocrx_word' id='word_1_10' title='bbox 546 315 579 363; x_wconf 86' lang='lat' dir='ltr'><strong>et</strong></span> <span class='ocrx_word' id='word_1_11' title='bbox 608 298 880 368; x_wconf 80' lang='lat' dir='ltr'><strong>Lacedaemoniis</strong></span> 
     </span>
     <span class='ocr_line' id='line_1_3' title="bbox 25 402 880 494; baseline 0.002 -29"><span class='ocrx_word' id='word_1_12' title='bbox 25 402 51 444; x_wconf 72' lang='lat'><strong>¹⁶</strong></span> <span class='ocrx_word' id='word_1_13' title='bbox 89 417 298 485; x_wconf 72' lang='lat' dir='ltr'><strong>exposceretur</strong></span> <span class='ocrx_word' id='word_1_14' title='bbox 317 405 469 487; x_wconf 87' lang='lat' dir='ltr'><strong>publice,</strong></span> <span class='ocrx_word' id='word_1_15' title='bbox 499 409 683 488; x_wconf 78' lang='lat' dir='ltr'><strong>supplicem</strong></span> <span class='ocrx_word' id='word_1_16' title='bbox 708 429 774 469; x_wconf 90' lang='lat' dir='ltr'><strong>non</strong></span> <span class='ocrx_word' id='word_1_17' title='bbox 801 433 880 494; x_wconf 87' lang='lat' dir='ltr'><strong>pro.</strong></span> 
     </span>
     <span class='ocr_line' id='line_1_4' title="bbox 83 511 884 593; baseline -0.005 -21"><span class='ocrx_word' id='word_1_18' title='bbox 83 512 164 587; x_wconf 80' lang='lat' dir='ltr'><strong>didit,</strong></span> <span class='ocrx_word' id='word_1_19' title='bbox 192 511 407 593; x_wconf 64' lang='lat' dir='ltr'><strong>monuitque,</strong></span> <span class='ocrx_word' id='word_1_20' title='bbox 442 523 480 571; x_wconf 87' lang='lat' dir='ltr'><strong>ut</strong></span> <span class='ocrx_word' id='word_1_21' title='bbox 501 513 691 573; x_wconf 78' lang='lat' dir='ltr'><strong>consuleret</strong></span> <span class='ocrx_word' id='word_1_22' title='bbox 708 513 789 576; x_wconf 87' lang='lat' dir='ltr'><strong>sibi:</strong></span> <span class='ocrx_word' id='word_1_23' title='bbox 818 516 884 577; x_wconf 80' lang='lat' dir='ltr'><strong>dil.</strong></span> 
     </span>
     <span class='ocr_line' id='line_1_5' title="bbox 34 616 880 699; baseline 0.009 -23"><span class='ocrx_word' id='word_1_24' title='bbox 34 626 37 633; x_wconf 90' lang='lat'>&#39;</span> <span class='ocrx_word' id='word_1_25' title='bbox 77 616 146 681; x_wconf 83' lang='lat' dir='ltr'><strong>heile</strong></span> <span class='ocrx_word' id='word_1_26' title='bbox 161 620 251 681; x_wconf 87' lang='lat' dir='ltr'><strong>enim</strong></span> <span class='ocrx_word' id='word_1_27' title='bbox 269 636 362 691; x_wconf 88' lang='lat' dir='ltr'><strong>csse,</strong></span> <span class='ocrx_word' id='word_1_28' title='bbox 385 617 419 677; x_wconf 90' lang='lat' dir='ltr'><strong>in</strong></span> <span class='ocrx_word' id='word_1_29' title='bbox 438 629 505 679; x_wconf 88' lang='lat' dir='ltr'><strong>tam</strong></span> <span class='ocrx_word' id='word_1_30' title='bbox 520 619 706 699; x_wconf 85' lang='lat' dir='ltr'><strong>propinquo</strong></span> <span class='ocrx_word' id='word_1_31' title='bbox 725 621 797 681; x_wconf 93' lang='lat' dir='ltr'><strong>loco</strong></span> <span class='ocrx_word' id='word_1_32' title='bbox 809 633 880 685; x_wconf 88' lang='lat' dir='ltr'><strong>tuto</strong></span> 
     </span>
     <span class='ocr_line' id='line_1_6' title="bbox 9 714 884 807; baseline 0.008 -22"><span class='ocrx_word' id='word_1_33' title='bbox 9 714 49 803; x_wconf 50' lang='lat' dir='ltr'><strong>is</strong></span> <span class='ocrx_word' id='word_1_34' title='bbox 73 742 134 785; x_wconf 86' lang='lat' dir='ltr'><strong>eum</strong></span> <span class='ocrx_word' id='word_1_35' title='bbox 153 724 296 785; x_wconf 82' lang='lat' dir='ltr'><strong>versari.</strong></span> <span class='ocrx_word' id='word_1_36' title='bbox 338 724 455 805; x_wconf 84' lang='lat' dir='ltr'><strong>ltaque</strong></span> <span class='ocrx_word' id='word_1_37' title='bbox 478 722 628 800; x_wconf 85' lang='lat' dir='ltr'><strong>Pydnam</strong></span> <span class='ocrx_word' id='word_1_38' title='bbox 656 743 731 807; x_wconf 87' lang='lat' dir='ltr'><strong>cnm</strong></span> <span class='ocrx_word' id='word_1_39' title='bbox 765 729 884 792; x_wconf 88' lang='lat' dir='ltr'><strong>deduci</strong></span> 
     </span>
     <span class='ocr_line' id='line_1_7' title="bbox 9 828 968 911; baseline 0.002 -18"><span class='ocrx_word' id='word_1_40' title='bbox 9 828 13 855; x_wconf 89' lang='lat'>¹</span> <span class='ocrx_word' id='word_1_41' title='bbox 65 834 170 911; x_wconf 86' lang='lat' dir='ltr'><strong>jussit,</strong></span> <span class='ocrx_word' id='word_1_42' title='bbox 195 842 240 904; x_wconf 89' lang='lat' dir='ltr'><strong>et,</strong></span> <span class='ocrx_word' id='word_1_43' title='bbox 263 829 351 909; x_wconf 89' lang='lat' dir='ltr'><strong>quod</strong></span> <span class='ocrx_word' id='word_1_44' title='bbox 368 828 556 888; x_wconf 83' lang='lat' dir='ltr'><strong>satis-esset</strong></span> <span class='ocrx_word' id='word_1_45' title='bbox 577 829 757 910; x_wconf 84' lang='lat' dir='ltr'><strong>praesidii,</strong></span> <span class='ocrx_word' id='word_1_46' title='bbox 780 834 882 901; x_wconf 85' lang='lat' dir='ltr'><strong>dedit.</strong></span> <span class='ocrx_word' id='word_1_47' title='bbox 930 850 968 863; x_wconf 81' lang='grc'><strong>·’</strong></span> 
     </span>
     <span class='ocr_line' id='line_1_8' title="bbox 10 818 923 1014; baseline 0.001 -15"><span class='ocrx_word' id='word_1_48' title='bbox 10 818 25 1011; x_wconf 58' lang='lat' dir='ltr'><strong>i</strong></span> <span class='ocrx_word' id='word_1_49' title='bbox 63 938 117 1001; x_wconf 89' lang='lat' dir='ltr'><strong>llic</strong></span> <span class='ocrx_word' id='word_1_50' title='bbox 129 939 304 998; x_wconf 75' lang='lat' dir='ltr'><strong>inuocem</strong></span> <span class='ocrx_word' id='word_1_51' title='bbox 324 916 747 1014; x_wconf 47' lang='lat' dir='ltr'><strong>omuibus&#39;ignotusnautis</strong></span> <span class='ocrx_word' id='word_1_52' title='bbox 766 957 882 999; x_wconf 87' lang='lat' dir='ltr'><strong>ascen·</strong></span> <span class='ocrx_word' id='word_1_53' title='bbox 903 946 923 1009; x_wconf 83' lang='lat'><strong>6</strong></span> 
     </span>
     <span class='ocr_line' id='line_1_9' title="bbox 10 1034 882 1124; baseline -0.002 -18"><span class='ocrx_word' id='word_1_54' title='bbox 10 1034 12 1043; x_wconf 50' lang='lat'><strong>¹</strong></span> <span class='ocrx_word' id='word_1_55' title='bbox 61 1044 113 1106; x_wconf 86' lang='lat' dir='ltr'><strong>dit.</strong></span> <span class='ocrx_word' id='word_1_56' title='bbox 148 1040 246 1124; x_wconf 81' lang='lat' dir='ltr'><strong>Quae</strong></span> <span class='ocrx_word' id='word_1_57' title='bbox 263 1058 364 1119; x_wconf 88' lang='lat' dir='ltr'><strong>quum</strong></span> <span class='ocrx_word' id='word_1_58' title='bbox 381 1052 578 1121; x_wconf 85' lang='lat' dir='ltr'><strong>tempestate</strong></span> <span class='ocrx_word' id='word_1_59' title='bbox 593 1040 882 1104; x_wconf 86' lang='lat' dir='ltr'><strong>maximaNaxum</strong></span> 
     </span>
     <span class='ocr_line' id='line_1_10' title="bbox 58 1144 882 1220; baseline -0.001 -11"><span class='ocrx_word' id='word_1_60' title='bbox 58 1152 224 1220; x_wconf 80' lang='lat' dir='ltr'><strong>serretur,</strong></span> <span class='ocrx_word' id='word_1_61' title='bbox 254 1147 312 1209; x_wconf 87' lang='lat' dir='ltr'><strong>ubi</strong></span> <span class='ocrx_word' id='word_1_62' title='bbox 330 1157 400 1206; x_wconf 90' lang='lat' dir='ltr'><strong>tum</strong></span> <span class='ocrx_word' id='word_1_63' title='bbox 419 1144 673 1206; x_wconf 75' lang='lat' dir='ltr'><strong>Atheniensium</strong></span> <span class='ocrx_word' id='word_1_64' title='bbox 694 1157 765 1206; x_wconf 87' lang='lat' dir='ltr'><strong>crat</strong></span> <span class='ocrx_word' id='word_1_65' title='bbox 787 1144 882 1208; x_wconf 80' lang='lat' dir='ltr'><strong>ex&#39;er·</strong></span> 
     </span>
     <span class='ocr_line' id='line_1_11' title="bbox 59 1250 882 1337; baseline -0.015 -20"><span class='ocrx_word' id='word_1_66' title='bbox 59 1257 138 1317; x_wconf 86' lang='lat' dir='ltr'><strong>citus</strong></span> <span class='ocrx_word' id='word_1_67' title='bbox 153 1276 164 1337; x_wconf 84' lang='lat'>3</span> <span class='ocrx_word' id='word_1_68' title='bbox 197 1252 305 1314; x_wconf 86' lang='lat' dir='ltr'><strong>sensit</strong></span> <span class='ocrx_word' id='word_1_69' title='bbox 325 1250 568 1313; x_wconf 87' lang='lat' dir='ltr'><strong>Themistocles</strong></span> <span class='ocrx_word' id='word_1_70' title='bbox 578 1293 588 1326; x_wconf 99' lang='lat'><strong>,</strong></span> <span class='ocrx_word' id='word_1_71' title='bbox 611 1253 641 1311; x_wconf 82' lang='lat' dir='ltr'><strong>oi</strong></span> <span class='ocrx_word' id='word_1_72' title='bbox 656 1268 695 1311; x_wconf 88' lang='lat' dir='ltr'><strong>co</strong></span> <span class='ocrx_word' id='word_1_73' title='bbox 708 1253 882 1330; x_wconf 84' lang='lat' dir='ltr'><strong>pervenio.</strong></span> 
     </span>
     <span class='ocr_line' id='line_1_12' title="bbox 56 1352 882 1439; baseline -0.004 -17"><span class='ocrx_word' id='word_1_74' title='bbox 56 1374 104 1423; x_wconf 87' lang='lat' dir='ltr'><strong>set</strong></span> <span class='ocrx_word' id='word_1_75' title='bbox 114 1400 126 1435; x_wconf 91' lang='lat'>‚</span> <span class='ocrx_word' id='word_1_76' title='bbox 157 1352 227 1423; x_wconf 81' lang='lat' dir='ltr'><strong>sihi</strong></span> <span class='ocrx_word' id='word_1_77' title='bbox 245 1376 322 1419; x_wconf 87' lang='lat' dir='ltr'><strong>esse</strong></span> <span class='ocrx_word' id='word_1_78' title='bbox 336 1359 555 1439; x_wconf 89' lang='lat' dir='ltr'><strong>pereundum.</strong></span> <span class='ocrx_word' id='word_1_79' title='bbox 598 1357 667 1419; x_wconf 87' lang='lat' dir='ltr'><strong>Hac</strong></span> <span class='ocrx_word' id='word_1_80' title='bbox 684 1360 882 1421; x_wconf 77' lang='lat' dir='ltr'><strong>necessitate</strong></span> 
     </span>
     <span class='ocr_line' id='line_1_13' title="bbox 55 1462 883 1544; baseline -0.005 -17"><span class='ocrx_word' id='word_1_81' title='bbox 55 1477 190 1527; x_wconf 66' lang='lat' dir='ltr'><strong>cosmus</strong></span> <span class='ocrx_word' id='word_1_82' title='bbox 216 1462 352 1526; x_wconf 88' lang='lat' dir='ltr'><strong>domino</strong></span> <span class='ocrx_word' id='word_1_83' title='bbox 375 1464 484 1535; x_wconf 83' lang='lat' dir='ltr'><strong>navis,</strong></span> <span class='ocrx_word' id='word_1_84' title='bbox 505 1463 561 1541; x_wconf 90' lang='lat' dir='ltr'><strong>qui</strong></span> <span class='ocrx_word' id='word_1_85' title='bbox 582 1463 635 1535; x_wconf 87' lang='lat' dir='ltr'><strong>sit,</strong></span> <span class='ocrx_word' id='word_1_86' title='bbox 658 1464 777 1544; x_wconf 83' lang='lat' dir='ltr'><strong>aperit,</strong></span> <span class='ocrx_word' id='word_1_87' title='bbox 796 1465 883 1525; x_wconf 87' lang='lat' dir='ltr'><strong>mol-</strong></span> 
     </span>
     <span class='ocr_line' id='line_1_14' title="bbox 54 1566 922 1653; baseline -0.002 -22"><span class='ocrx_word' id='word_1_88' title='bbox 54 1581 90 1631; x_wconf 88' lang='lat' dir='ltr'><strong>ta</strong></span> <span class='ocrx_word' id='word_1_89' title='bbox 111 1568 298 1653; x_wconf 65' lang='lat' dir='ltr'><strong>pollicente</strong></span> <span class='ocrx_word' id='word_1_90' title='bbox 332 1566 362 1628; x_wconf 86' lang='lat' dir='ltr'><strong>si</strong></span> <span class='ocrx_word' id='word_1_91' title='bbox 390 1584 426 1626; x_wconf 85' lang='lat' dir='ltr'><strong>se</strong></span> <span class='ocrx_word' id='word_1_92' title='bbox 454 1578 696 1629; x_wconf 79' lang='lat' dir='ltr'><strong>conservasset.</strong></span> <span class='ocrx_word' id='word_1_93' title='bbox 747 1573 790 1629; x_wconf 84' lang='lat' dir='ltr'><strong>At</strong></span> <span class='ocrx_word' id='word_1_94' title='bbox 813 1569 922 1644; x_wconf 85' lang='lat' dir='ltr'><strong>ille,7</strong></span> 
     </span>
     <span class='ocr_line' id='line_1_15' title="bbox 61 1670 882 1754; baseline 0.006 -21"><span class='ocrx_word' id='word_1_95' title='bbox 61 1672 330 1735; x_wconf 76' lang='lat' dir='ltr'><strong>chrissimi&#39;viri</strong></span> <span class='ocrx_word' id='word_1_96' title='bbox 363 1682 479 1754; x_wconf 85' lang='lat' dir='ltr'><strong>captus</strong></span> <span class='ocrx_word' id='word_1_97' title='bbox 508 1670 753 1746; x_wconf 81' lang='lat' dir='ltr'><strong>misericordia,-</strong></span> <span class='ocrx_word' id='word_1_98' title='bbox 793 1674 882 1738; x_wconf 88' lang='lat' dir='ltr'><strong>diem</strong></span> 
     </span>
     <span class='ocr_line' id='line_1_16' title="bbox 54 1777 880 1859; baseline 0.005 -19"><span class='ocrx_word' id='word_1_99' title='bbox 54 1777 389 1859; x_wconf 74' lang='lat' dir='ltr'><strong>noctemqueproeol</strong></span> <span class='ocrx_word' id='word_1_100' title='bbox 412 1781 453 1839; x_wconf 87' lang='lat' dir='ltr'><strong>ab</strong></span> <span class='ocrx_word' id='word_1_101' title='bbox 471 1777 583 1837; x_wconf 82' lang='lat' dir='ltr'><strong>insola</strong></span> <span class='ocrx_word' id='word_1_102' title='bbox 601 1777 638 1836; x_wconf 85' lang='lat' dir='ltr'><strong>iu</strong></span> <span class='ocrx_word' id='word_1_103' title='bbox 665 1779 735 1839; x_wconf 89' lang='lat' dir='ltr'><strong>salo</strong></span> <span class='ocrx_word' id='word_1_104' title='bbox 762 1800 880 1845; x_wconf 80' lang='lat' dir='ltr'><strong>navem</strong></span> 
     </span>
     <span class='ocr_line' id='line_1_17' title="bbox 51 1882 881 1964; baseline 0.006 -20"><span class='ocrx_word' id='word_1_105' title='bbox 51 1885 163 1945; x_wconf 79' lang='lat' dir='ltr'><strong>tenuit</strong></span> <span class='ocrx_word' id='word_1_106' title='bbox 185 1885 220 1945; x_wconf 90' lang='lat' dir='ltr'><strong>iu</strong></span> <span class='ocrx_word' id='word_1_107' title='bbox 238 1886 390 1957; x_wconf 81' lang='lat' dir='ltr'><strong>ancoris,</strong></span> <span class='ocrx_word' id='word_1_108' title='bbox 423 1901 531 1963; x_wconf 80' lang='lat' dir='ltr'><strong>neque</strong></span> <span class='ocrx_word' id='word_1_109' title='bbox 551 1882 751 1964; x_wconf 85' lang='lat' dir='ltr'><strong>quemquam</strong></span> <span class='ocrx_word' id='word_1_110' title='bbox 778 1904 818 1946; x_wconf 85' lang='lat' dir='ltr'><strong>ex</strong></span> <span class='ocrx_word' id='word_1_111' title='bbox 842 1902 881 1950; x_wconf 82' lang='lat' dir='ltr'><strong>sa</strong></span> 
     </span>
     <span class='ocr_line' id='line_1_18' title="bbox 30 1987 880 2072; baseline 0.007 -25"><span class='ocrx_word' id='word_1_112' title='bbox 30 1990 146 2071; x_wconf 27' lang='lat' dir='ltr'><strong>„exire</strong></span> <span class='ocrx_word' id='word_1_113' title='bbox 156 2002 368 2072; x_wconf 43' lang='lat' dir='ltr'><strong>pmssuscst</strong></span> <span class='ocrx_word' id='word_1_114' title='bbox 413 1990 494 2050; x_wconf 91' lang='lat' dir='ltr'><strong>Inde</strong></span> <span class='ocrx_word' id='word_1_115' title='bbox 517 1987 687 2069; x_wconf 88' lang='lat' dir='ltr'><strong>Ephesum</strong></span> <span class='ocrx_word' id='word_1_116' title='bbox 717 1994 880 2070; x_wconf 86' lang='lat' dir='ltr'><strong>pervenit,</strong></span> 
     </span>
     <span class='ocr_line' id='line_1_19' title="bbox 52 2088 881 2225; baseline 0.007 -71"><span class='ocrx_word' id='word_1_117' title='bbox 52 2094 169 2176; x_wconf 85' lang='lat' dir='ltr'><strong>ibique</strong></span> <span class='ocrx_word' id='word_1_118' title='bbox 190 2088 451 2159; x_wconf 85' lang='lat' dir='ltr'><strong>Themistoclem</strong></span> <span class='ocrx_word' id='word_1_119' title='bbox 472 2098 627 2175; x_wconf 85' lang='lat' dir='ltr'><strong>exponit.</strong></span> <span class='ocrx_word' id='word_1_120' title='bbox 662 2094 715 2156; x_wconf 88' lang='lat' dir='ltr'><strong>cui</strong></span> <span class='ocrx_word' id='word_1_121' title='bbox 736 2096 793 2157; x_wconf 92' lang='lat' dir='ltr'><strong>ille</strong></span> <span class='ocrx_word' id='word_1_122' title='bbox 819 2110 881 2225; x_wconf 79' lang='lat' dir='ltr'><strong>pro</strong></span> 
     </span>
     <span class='ocr_line' id='line_1_20' title="bbox 54 2198 654 2283; baseline 0.002 -24"><span class='ocrx_word' id='word_1_123' title='bbox 54 2198 185 2260; x_wconf 87' lang='lat' dir='ltr'><strong>meritis</strong></span> <span class='ocrx_word' id='word_1_124' title='bbox 206 2201 347 2280; x_wconf 84' lang='lat' dir='ltr'><strong>gratiam</strong></span> <span class='ocrx_word' id='word_1_125' title='bbox 364 2212 484 2283; x_wconf 87' lang='lat' dir='ltr'><strong>postea</strong></span> <span class='ocrx_word' id='word_1_126' title='bbox 501 2199 654 2260; x_wconf 78' lang='lat' dir='ltr'><strong>retulit..-</strong></span> 
     </span>
    </p>
   </div>
   <div class='ocr_carea' id='block_1_3' title="bbox 11 2402 922 3222">
    <p class='ocr_par' dir='ltr' id='par_1_3' title="bbox 11 2402 922 3222">
     <span class='ocr_line' id='line_1_21' title="bbox 63 2402 922 2492; baseline 0.006 -23"><span class='ocrx_word' id='word_1_127' title='bbox 63 2434 68 2443; x_wconf 92' lang='lat'><strong>·</strong></span> <span class='ocrx_word' id='word_1_128' title='bbox 130 2402 232 2483; x_wconf 65' lang='lat' dir='ltr'><strong>doio,</strong></span> <span class='ocrx_word' id='word_1_129' title='bbox 262 2403 515 2492; x_wconf 78' lang='lat' dir='ltr'><strong>plerosque-ita</strong></span> <span class='ocrx_word' id='word_1_130' title='bbox 545 2403 742 2492; x_wconf 78' lang='lat' dir='ltr'><strong>scripsisse,</strong></span> <span class='ocrx_word' id='word_1_131' title='bbox 773 2405 922 2477; x_wconf 81' lang='lat' dir='ltr'><strong>&#39;she-lx</strong></span> 
     </span>
     <span class='ocr_line' id='line_1_22' title="bbox 61 2516 881 2595; baseline 0.004 -19"><span class='ocrx_word' id='word_1_132' title='bbox 61 2516 246 2577; x_wconf 80' lang='lat' dir='ltr'><strong>mistoclcm</strong></span> <span class='ocrx_word' id='word_1_133' title='bbox 255 2550 266 2591; x_wconf 90' lang='lat'><strong>,</strong></span> <span class='ocrx_word' id='word_1_134' title='bbox 288 2517 396 2576; x_wconf 80' lang='lat' dir='ltr'><strong>Xerxe</strong></span> <span class='ocrx_word' id='word_1_135' title='bbox 414 2525 585 2595; x_wconf 72' lang='lat' dir='ltr'><strong>regnante,</strong></span> <span class='ocrx_word' id='word_1_136' title='bbox 610 2516 644 2575; x_wconf 89' lang='lat' dir='ltr'><strong>in</strong></span> <span class='ocrx_word' id='word_1_137' title='bbox 661 2517 776 2577; x_wconf 77' lang='lat' dir='ltr'><strong>Asiam</strong></span> <span class='ocrx_word' id='word_1_138' title='bbox 790 2528 881 2579; x_wconf 87' lang='lat' dir='ltr'><strong>tran·</strong></span> 
     </span>
     <span class='ocr_line' id='line_1_23' title="bbox 64 2618 882 2705; baseline 0 -22"><span class='ocrx_word' id='word_1_139' title='bbox 64 2622 158 2683; x_wconf 81' lang='lat' dir='ltr'><strong>iisse.</strong></span> <span class='ocrx_word' id='word_1_140' title='bbox 201 2618 266 2683; x_wconf 82' lang='lat' dir='ltr'><strong>Sed</strong></span> <span class='ocrx_word' id='word_1_141' title='bbox 287 2640 347 2702; x_wconf 82' lang='lat' dir='ltr'><strong>ego</strong></span> <span class='ocrx_word' id='word_1_142' title='bbox 367 2622 580 2705; x_wconf 87' lang='lat' dir='ltr'><strong>potissimum</strong></span> <span class='ocrx_word' id='word_1_143' title='bbox 600 2618 791 2699; x_wconf 86' lang='lat' dir='ltr'><strong>Thucydidi</strong></span> <span class='ocrx_word' id='word_1_144' title='bbox 811 2642 882 2685; x_wconf 88' lang='lat' dir='ltr'><strong>ere·</strong></span> 
     </span>
     <span class='ocr_line' id='line_1_24' title="bbox 11 2712 882 2809; baseline 0.005 -23"><span class='ocrx_word' id='word_1_145' title='bbox 11 2790 13 2801; x_wconf 61' lang='grc'>,</span> <span class='ocrx_word' id='word_1_146' title='bbox 69 2726 125 2801; x_wconf 85' lang='lat' dir='ltr'><strong>do,</strong></span> <span class='ocrx_word' id='word_1_147' title='bbox 155 2726 244 2809; x_wconf 85' lang='lat' dir='ltr'><strong>quod</strong></span> <span class='ocrx_word' id='word_1_148' title='bbox 260 2712 374 2788; x_wconf 69' lang='lat' dir='ltr'><strong>&#39;aetate</strong></span> <span class='ocrx_word' id='word_1_149' title='bbox 400 2728 575 2807; x_wconf 78' lang='lat' dir='ltr'><strong>proximus</strong></span> <span class='ocrx_word' id='word_1_150' title='bbox 604 2740 693 2802; x_wconf 85' lang='lat' dir='ltr'><strong>erat,</strong></span> <span class='ocrx_word' id='word_1_151' title='bbox 723 2728 780 2809; x_wconf 88' lang='lat' dir='ltr'><strong>qui</strong></span> <span class='ocrx_word' id='word_1_152' title='bbox 803 2730 882 2790; x_wconf 86' lang='lat' dir='ltr'><strong>illo·</strong></span> 
     </span>
     <span class='ocr_line' id='line_1_25' title="bbox 11 2828 881 2916; baseline 0.006 -26"><span class='ocrx_word' id='word_1_153' title='bbox 11 2885 17 2899; x_wconf 85' lang='lat'><strong>,</strong></span> <span class='ocrx_word' id='word_1_154' title='bbox 71 2844 136 2891; x_wconf 84' lang='lat' dir='ltr'><strong>mm</strong></span> <span class='ocrx_word' id='word_1_155' title='bbox 166 2840 354 2912; x_wconf 84' lang='lat' dir='ltr'><strong>temporum</strong></span> <span class='ocrx_word' id='word_1_156' title='bbox 382 2828 559 2896; x_wconf 86' lang='lat' dir='ltr'><strong>historiam</strong></span> <span class='ocrx_word' id='word_1_157' title='bbox 585 2836 811 2916; x_wconf 78' lang='lat' dir='ltr'><strong>reliquerunt,</strong></span> <span class='ocrx_word' id='word_1_158' title='bbox 848 2842 881 2895; x_wconf 91' lang='lat' dir='ltr'><strong>ct</strong></span> 
     </span>
     <span class='ocr_line' id='line_1_26' title="bbox 11 2922 881 3016; baseline 0.007 -25"><span class='ocrx_word' id='word_1_159' title='bbox 11 2974 25 3016; x_wconf 25' lang='grc' dir='ltr'><strong>Ι,</strong></span> <span class='ocrx_word' id='word_1_160' title='bbox 75 2933 212 3009; x_wconf 81' lang='lat' dir='ltr'><strong>eiusdem</strong></span> <span class='ocrx_word' id='word_1_161' title='bbox 234 2922 375 2999; x_wconf 78' lang='lat' dir='ltr'><strong>civitatis</strong></span> <span class='ocrx_word' id='word_1_162' title='bbox 396 2938 470 3000; x_wconf 84' lang='lat' dir='ltr'><strong>suit.</strong></span> <span class='ocrx_word' id='word_1_163' title='bbox 513 2942 546 3001; x_wconf 89' lang='lat' dir='ltr'><strong>Is</strong></span> <span class='ocrx_word' id='word_1_164' title='bbox 562 2950 671 3002; x_wconf 85' lang='lat' dir='ltr'><strong>autem</strong></span> <span class='ocrx_word' id='word_1_165' title='bbox 684 2938 742 3015; x_wconf 77' lang='lat' dir='ltr'><strong>ait,</strong></span> <span class='ocrx_word' id='word_1_166' title='bbox 765 2941 881 3001; x_wconf 86' lang='lat' dir='ltr'><strong>adAr-</strong></span> 
     </span>
     <span class='ocr_line' id='line_1_27' title="bbox 12 3042 879 3129; baseline 0.005 -31"><span class='ocrx_word' id='word_1_167' title='bbox 12 3078 26 3118; x_wconf 60' lang='lat' dir='ltr'><strong>n</strong></span> <span class='ocrx_word' id='word_1_168' title='bbox 76 3043 232 3103; x_wconf 80' lang='lat' dir='ltr'><strong>laxerxem</strong></span> <span class='ocrx_word' id='word_1_169' title='bbox 262 3062 337 3105; x_wconf 87' lang='lat' dir='ltr'><strong>cum</strong></span> <span class='ocrx_word' id='word_1_170' title='bbox 371 3047 522 3121; x_wconf 84' lang='lat' dir='ltr'><strong>venisse,</strong></span> <span class='ocrx_word' id='word_1_171' title='bbox 556 3062 657 3129; x_wconf 88' lang='lat' dir='ltr'><strong>atque</strong></span> <span class='ocrx_word' id='word_1_172' title='bbox 684 3042 738 3102; x_wconf 87' lang='lat' dir='ltr'><strong>his</strong></span> <span class='ocrx_word' id='word_1_173' title='bbox 768 3042 879 3105; x_wconf 84' lang='lat' dir='ltr'><strong>verbis</strong></span> 
     </span>
     <span class='ocr_line' id='line_1_28' title="bbox 11 3140 921 3222; baseline 0.001 -15"><span class='ocrx_word' id='word_1_174' title='bbox 11 3180 27 3221; x_wconf 64' lang='grc' dir='ltr'><strong>ῃ</strong></span> <span class='ocrx_word' id='word_1_175' title='bbox 80 3143 237 3222; x_wconf 75' lang='lat' dir='ltr'><strong>epistolam</strong></span> <span class='ocrx_word' id='word_1_176' title='bbox 258 3150 414 3217; x_wconf 83' lang='lat' dir='ltr'><strong>misisse:</strong></span> <span class='ocrx_word' id='word_1_177' title='bbox 464 3140 712 3217; x_wconf 73' lang='lat' dir='ltr'><strong>Themistocles</strong></span> <span class='ocrx_word' id='word_1_178' title='bbox 739 3152 815 3210; x_wconf 81' lang='lat' dir='ltr'><strong>oeni</strong></span> <span class='ocrx_word' id='word_1_179' title='bbox 837 3144 921 3219; x_wconf 75' lang='lat' dir='ltr'><strong>odz</strong></span> 
     </span>
    </p>
   </div>
   <div class='ocr_carea' id='block_1_4' title="bbox 652 3255 704 3325">
    <p class='ocr_par' dir='ltr' id='par_1_4' title="bbox 652 3255 704 3325">
     <span class='ocr_line' id='line_1_29' title="bbox 652 3255 704 3325; baseline 0 -38"><span class='ocrx_word' id='word_1_180' title='bbox 652 3255 704 3325; x_wconf 50' lang='grc' dir='ltr'><strong>ὅ,</strong></span> 
     </span>
    </p>
   </div>
   <div class='ocr_carea' id='block_1_5' title="bbox 0 0 1054 3668">
    <p class='ocr_par' dir='ltr' id='par_1_5' title="bbox 0 0 1054 3668">
     <span class='ocr_line' id='line_1_30' title="bbox 0 0 1054 3668; baseline 0 0"><span class='ocrx_word' id='word_1_181' title='bbox 0 0 1054 3668; x_wconf 95' lang='lat' dir='ltr'><strong> </strong></span> 
     </span>
    </p>
   </div>
  </div>
 </body>
</html>
