2100 3668
138 208 264 299 xxm.
295 172 601 277 niumm.
625 215 708 283 os·
811 217 869 282 175
938 274 956 299 „

27 391 224 465 sentiarum
249 394 378 458 bellum
402 411 619 477 componere,
658 398 725 474 quo
755 385 870 450 'valen-
950 446 975 467 ,,

22 498 102 560 tior
131 511 251 579 postea
276 501 549 580 congrederetur.
592 500 632 560 ln
660 495 867 576 colloquium

26 605 205 678 convenit,
230 610 439 673 conditiones
449 613 765 669 noneonvenerunt.
789 602 908 675 Posts

22 711 78 772 id-
91 711 220 771 factum
237 714 354 793 paucis
386 715 504 778 diebus
526 709 616 793 apud
634 709 772 768 Zamam
794 729 871 771 oum

24 814 156 875 eodem
170 814 352 881 conflixit:
383 818 504 900 pulsus
523 814 736 896 (incredibile
759 815 882 898 dictu)
910 844 914 851 ·

16 902 138 985 'hiduo
156 933 190 981 et
211 921 342 986 duabus
358 926 512 988 noctibus
525 918 770 984 Hadrumetum
788 936 868 1002 pero·

26 1020 153 1100 venit}
183 1030 273 1108 quod
300 1013 396 1093 abest
425 1051 445 1093 a
476 1032 581 1091 Zama
606 1019 737 1089 circiter
760 1026 869 1090 millia

26 1146 200 1216 passuum
220 1146 380 1195 trecenta.
423 1135 463 1195 ln
487 1133 550 1195 hac
580 1124 660 1213 luga
684 1132 907 1208 Numidam

28 1238 96 1322 qui
119 1239 219 1299 simul
243 1260 317 1301 cum
337 1259 375 1300 eo
399 1259 439 1301 ex
467 1240 536 1302 acie
559 1251 791 1313 excesserant,
813 1237 867 1299 in·
904 1300 907 1306 ,
1012 1292 1016 1305 .

30 1345 154 1409 sidiati
176 1357 255 1406 sunt
271 1346 321 1426 ei3
345 1365 428 1426 quos
445 1363 513 1405 non
535 1343 644 1405 solum
663 1344 790 1423 effugit,
807 1345 876 1407 sed·

32 1451 142 1515 etiam
161 1451 255 1531 ipsos
272 1452 452 1532 oppressit.
496 1451 694 1511 Hadrumeti
713 1450 865 1531 reliquos

32 1557 184 1637 exsuge
213 1556 368 1637 collegit:
409 1555 506 1616 novis
536 1553 720 1623 delectibus
747 1556 865 1639 paucis·
904 1614 908 1619 .
989 1640 990 1644 Ἰ

37 1661 299 1741 diebusmultos
325 1660 504 1724 contraxit«

120 1873 236 1958 Quum
248 1872 284 1930 in
293 1864 489 1954 apparando
502 1862 662 1934 acerrime
677 1856 830 1933 essetne·
840 1857 908 1931 vll

38 1990 205 2062 capatus,
237 1976 534 2058 Carthaginienses
551 1978 681 2040 bellum
704 1996 779 2040 oum
800 1977 886 2063 Ros
931 1982 945 2060 J

35 2085 151 2149 manis
187 2086 462 2166 composueruntt
525 2082 587 2143 Ille
617 2081 723 2145 nihilo
760 2085 869 2145 secius

36 2189 203 2251 exercitui
224 2202 344 2273 postea
359 2188 528 2272 praefuit5
558 2207 679 2270 resque
699 2191 735 2251 in
757 2190 872 2263 Africa
951 2200 955 2219 ³

39 2294 166 2385 gestit,
201 2297 365 2378 [itemque
385 2297 486 2376 Mago
508 2291 613 2379 frater
630 2297 703 2374 ejus
712 2303 741 2380 t]
763 2319 870 2381 usque

39 2402 85 2465 ad
107 2400 144 2461 P.
170 2399 358 2485 Sulpicium
382 2414 415 2464 et
437 2400 474 2462 C.
497 2402 672 2467 Aurelium
699 2405 868 2469 eonsules.

39 2506 102 2569 His
122 2507 213 2570 enim
223 2509 476 2590 magistratibus
493 2505 597 2589 legati
611 2505 868 2591 Carthaginien·
888 2516 910 2588 2

43 2631 102 2674 ses
128 2611 270 2679 Romam
287 2627 469 2687 venerunt,
498 2613 557 2694 qui
574 2616 705 2676 senatui
726 2617 870 2699 populo-

40 2739 109 2800 que
131 2720 294 2786 Romame
325 2720 452 2801 gratias
484 2729 644 2798 agerent,
682 2725 870 2803 quodcum

29 2824 99 2915 ¹his
114 2846 234 2907 paoem
260 2826 437 2900 fecissent,
461 2823 503 2888 ob
519 2844 659 2908 eamque
682 2848 756 2890 rem
772 2828 869 2891 cord-

41 2950 91 2993 na
107 2950 209 2993 aurea
226 2937 290 2994 'eos
309 2934 494 3006 donarent,
515 2932 684 3013 simulque
701 2945 868 3019 peterent,
959 2988 964 2993 .

40 3047 82 3101 ut
106 3039 242 3127 obsides
273 3058 389 3101 eorum
413 3038 576 3120 Fregellis
601 3051 731 3114 essent,
763 3043 881 3122 eapti...

41 3145 147 3227 vique
159 3124 403 3207 redderentur.
445 3146 503 3205 His
524 3162 564 3225 er
584 3151 720 3205 senatus
735 3147 910 3218 oonsul÷3

39 3257 79 3311 to
98 3268 303 3332 responsum
331 3259 402 3311 est:
437 3269 559 3312 munus
589 3267 705 3310 eorum
737 3262 870 3331 gratum
