2100 3668
88 164 91 173 .
181 74 758 186 11.rrrrn1s'rocars.7,
849 118 888 193 a,

14 238 56 330 ''l''
100 289 211 353 nutum
231 300 406 373 superesse
423 287 640 364 mantuanis,
671 292 714 355 ad
740 288 884 373 ephoros

13 370 60 533 Ἴ
95 393 408 459 lacedaemoniorum
427 396 577 468 accessit,
589 415 783 477 penesquos
795 419 885 461 sunr-

26 487 37 522 ¹
86 522 159 565 muru
172 503 362 585 imperium
388 512 479 573 erat,
509 511 606 581 atque
626 503 713 582 apud
733 520 790 564 eos
808 525 885 566 con·

13 590 37 667 cr
82 610 194 681 tendit,
218 609 303 669 salsa
314 604 367 664 his
388 623 461 664 esse
476 604 603 686 delata3
626 628 727 686 quare
744 627 886 689 aequum

13 672 38 785 ‘l
76 734 163 790 esse,
195 715 273 777 illos
291 712 380 773 viros
398 714 505 773 bonos
525 711 724 792 nobilesque,
741 712 884 787 mittere,

12 822 21 919 ᾗ
72 816 190 903 quibus
217 816 525 891 fidas-haberetur,
554 816 706 898 quirem
731 819 885 898 explora·
960 876 964 883 ,

12 932 22 975 i-
66 936 160 1006 rent;
179 925 310 985 interea
328 940 363 991 se
375 922 527 983 obsidem
538 922 731 983 retinerent.
762 921 882 989 Gestus
903 940 923 1001 3

12 1000 31 1039 N
64 1033 170 1113 est-ei
189 1050 283 1103 mos,
310 1040 445 1109 tresque
461 1028 583 1108 legati,
613 1029 718 1089 iuncti
746 1030 882 1089 summis
989 1064 998 1081 ι

59 1135 271 1207 honoribus,
289 1131 449 1199 'athenas
467 1135 563 1195 missi
590 1146 677 1195 sunt.
721 1133 804 1195 Cum
828 1134 883 1195 his

61 1244 209 1323 collegas
227 1238 567 1303 suos.Theruistocles
586 1240 687 1313 jussit
700 1239 881 1321 proficisci,

57 1349 175 1428 eisque
200 1345 383 1427 praedixit,
412 1357 512 1405 utne
538 1346 633 1426 prius
659 1344 899 1407 Lacedaemo-⁸

56 1453 195 1513 riorum
211 1434 340 1530 leg'atos
360 1450 584 1524 dimitterent,
615 1446 714 1529 quarn
731 1452 804 1530 ipse
828 1471 881 1510 cs·
921 1490 924 1495 -

59 1570 113 1617 set
127 1555 302 1617 remissus.
346 1556 415 1615 Hos
439 1567 617 1636 postquam
639 1552 786 1615 Athenas
806 1562 924 1633 per-lt

62 1659 193 1721 venisse
218 1673 310 1736 ratus
344 1671 414 1733 est,
452 1661 496 1721 ad
525 1659 757 1739 magistratum
784 1680 883 1721 sona.
914 1714 917 1725 ,

62 1775 198 1845 tumque
225 1763 564 1827 Lacedaemoniorum
595 1765 698 1840 adiit,
737 1778 769 1825 et
794 1764 883 1845 aputl

55 1889 115 1931 eos
140 1870 315 1933 liberrime
343 1875 516 1952 professus
549 1886 620 1935 est:
658 1871 880 1935 Athenienses

55 1992 117 2033 suo
137 1974 297 2063 consilio,
326 1978 416 2055 quod
442 1979 607 2041 communi
628 1979 703 2053 jure
732 1976 879 2057 gentium

53 2079 168 2139 facere
188 2090 338 2159 possent,
360 2082 440 2142 deos
459 2085 631 2165 publicos,
654 2102 799 2164 suosque
818 2100 878 2163 pa·
964 2105 970 2118 ·

52 2185 198 2245 trios-ac
212 2195 371 2264 penates,
394 2208 459 2268 quo
480 2191 609 2252 facilius
629 2194 669 2253 ah
684 2189 782 2249 hoste
798 2205 878 2268 pos·
973 2230 977 2241 .

53 2299 132 2348 sent
150 2288 352 2363 defendere,
385 2294 490 2353 muris
515 2294 681 2376 sepsisse3
713 2300 820 2372 neque
843 2292 878 2351 in
921 2315 929 2321 ·

52 2410 113 2465 eo,
145 2391 236 2472 quod
262 2393 379 2457 inutile
413 2411 502 2460 esset
531 2398 709 2471 Graeciae,
741 2398 875 2458 fecisse.

50 2498 141 2559 Nam
162 2497 297 2559 illorum
319 2502 437 2563 urbem
456 2517 493 2564 ut
514 2502 801 2585 propugnaculum
816 2521 875 2580 op·
897 2486 935 2570 δ’

48 2603 202 2685 positum
219 2607 483 2680 essebarbsris,
514 2610 603 2690 apud
617 2627 716 2687 quam
731 2608 799 2681 iam
823 2604 876 2667 bis

50 2705 181 2767 classes
195 2700 304 2785 regias
322 2709 442 2771 secisse
458 2714 682 2792 naufragium.
712 2709 875 2769 Lacedae·
897 2711 917 2774 6

51 2811 185 2871 monios
207 2821 317 2872 autem
339 2814 427 2875 male
457 2828 490 2877 et
515 2818 639 2894 injuste
663 2820 791 2887 faeere,
819 2812 878 2895 ‚qui

50 2913 87 2974 id
106 2914 220 2994 potius
236 2914 460 2993 intuerentur,
490 2921 581 3002 quod
598 2922 750 3003 ipsorum
769 2919 875 2980 domi-

51 3018 199 3091 nationi,
222 3040 321 3101 quarn
337 3024 426 3103 quod
443 3026 619 3103 universae
638 3021 875 3091 Graeciae‘uti-

50 3121 82 3183 le
108 3135 209 3185 esset.
255 3122 388 3206 Quare,
421 3128 450 3187 si
468 3148 546 3191 suos
569 3131 699 3210 legatos
726 3127 875 3209 recipcre

646 3243 666 3306 l
