2086 3676
184 231 225 290 20
322 147 350 272 r:
390 205 707 273 MltTlanEs.
739 216 770 282 3.

143 401 163 497 ᾗ
184 399 244 461 Hic
265 416 367 478 quum
381 396 489 458 crebri
509 396 667 456 afferrent
686 391 812 462 nuntii,
832 389 920 453 male
933 408 1003 452 rem
1042 454 1043 472 p

184 523 299 588 gerere
318 501 479 573 Darium,
501 499 674 580 premique
691 499 731 558 ab
750 495 900 583 Scythis,
925 497 1003 556 Mil-

181 610 288 673 tiades
296 607 449 667 hortatus
467 616 519 664 est
530 602 640 684 pontis
657 602 823 676 custodes,
841 619 882 660 ne
898 621 919 661 a
934 602 1005 661 for-

183 727 265 777 tuna
285 714 395 773 datam
413 709 620 779 occasionem
635 706 827 767 liberandae
844 705 1004 769 Graeciae

141 825 161 888 lt
181 821 393 885 dimitterent.
416 815 503 883 Nam
518 814 547 871 si
560 831 634 873 oum
649 807 702 871 his
719 812 931 892 copiisfquas
953 832 1004 872 se·

181 946 256 991 eum
265 916 571 999 transportaverat,
590 916 760 995 interisset
773 917 912 988 Darius,
937 937 1004 977 non

146 1062 152 1095 :
181 1030 290 1092 solum
308 1026 478 1102 Europam
498 1024 713 1094 faristinam,
732 1022 912 1085 sedetiam
933 1042 1004 1097 eos,

179 1134 238 1218 q'ui
254 1132 368 1194 Asiam
387 1129 571 1189 incolerent
588 1127 706 1189 Graeci
723 1146 856 1206 genere,
876 1127 1004 1190 liberae

180 1261 198 1303 a
218 1238 395 1297 Persarum
415 1234 546 1313 futuros
570 1233 798 1294 dominatione
818 1246 851 1294 et
870 1234 1004 1314 pericu·

177 1347 223 1407 lo.
247 1345 286 1405 Id
303 1353 335 1401 et
347 1339 444 1401 facile
459 1338 548 1401 effici
561 1328 674 1419 posse.
718 1339 825 1416 Ponte*
836 1338 925 1407 enim
951 1357 1005 1405 re,-

179 1451 297 1519 soisso‚
319 1465 432 1525 regem
450 1444 669 1523 velghostium
690 1449 798 1517 ferro,
819 1446 873 1507 vel
891 1444 1002 1525 inopia

137 1555 155 1618 5
176 1554 291 1637 paucis
305 1549 662 1631 diebusninteriturum.
687 1553 736 1611 Ad
746 1551 811 1613 hoo
826 1552 997 1611 consilium

175 1646 995 1740 quumpleriqueaccederent,HistiaeusMilesius‚

174 1783 278 1824 neres
290 1760 519 1834 conficeretur,
532 1766 672 1835 obstitit,
685 1764 795 1823 dicens
808 1781 816 1822 τ
834 1780 902 1819 non
914 1762 1002 1821 idem

173 1869 269 1950 ipsis,
291 1865 349 1945 qui
366 1884 512 1945 summas
534 1869 666 1950 imperii
682 1878 844 1939 tenerent,
864 1863 1004 1946 expedi-

173 1993 222 2046 re,
240 1983 272 2030 et
284 1969 501 2043 multitudini,
524 1977 613 2054 quod
624 1975 720 2036 Darii
733 1993 835 2052 regno
847 1971 1006 2052 ipsorum

172 2079 335 2161 niteretur
367 2074 571 2141 dominatio:
608 2102 673 2162 quo
704 2080 868 2140 exstincto
909 2077 1005 2156 ipsos

172 2194 337 2267 potestate
362 2181 520 2261 expulsos
545 2184 674 2250 civibus
696 2186 766 2244 suis
788 2200 914 2265 poenas
941 2182 1000 2242 da-

71 2326 77 2341 ·
172 2300 279 2373 turos.
323 2287 439 2367 ltaque
461 2289 545 2349 adeo
558 2273 604 2350 ¹ae
624 2276 806 2353 abhorrere
819 2309 849 2365 ‘a
870 2299 1003 2348 cetero·

171 2412 248 2479 rum
270 2392 428 2465 consilio,
456 2406 493 2455 ut
519 2395 605 2455 nihil
630 2409 726 2479 putet
748 2394 833 2476 ipsis
860 2392 1000 2473 utilius,

133 2503 151 2566 6
173 2516 273 2579 quam
292 2497 645 2590 confirmarisregnum
664 2503 853 2571 Persarum.
888 2497 1001 2573 Hujus

170 2620 274 2686 quum
288 2605 488 2665 sententiam
499 2604 637 2686 plurimi
652 2621 765 2668 essent
779 2605 895 2677 secuti,
918 2605 1002 2663 Mil·

98 2728 101 2732 ⁸
168 2706 296 2785 uades,
319 2729 384 2768 non
415 2712 590 2799 dubitans,
621 2724 689 2773 tam
716 2711 829 2771 multis
854 2711 1001 2773 consciis

170 2812 213 2872 ad
223 2813 311 2891 regis
325 2833 423 2874 aures
435 2794 574 2879 consilia
586 2838 645 2879 sua
656 2829 868 2898 perventura,
891 2814 1001 2875 Cher·

97 2982 105 2997 ⁸
169 2936 328 2977 sonesum
347 2920 501 3000 reliquit,
526 2941 562 3005 ao
584 2942 702 2983 rursus
723 2922 870 2984 Athenas
890 2922 1001 2982 demi·

169 3021 288 3101 gravit.
323 3021 427 3100 Cujus
452 3027 537 3086 ratio
567 3024 629 3086 etsi
649 3046 717 3085 non
742 3027 864 3101 valuit,
885 3038 999 3087 tamen

100 3132 108 3145 '
167 3132 371 3207 magnopere
388 3141 438 3190 est
452 3128 633 3205 laudanda,
656 3152 760 3213 quum
776 3133 912 3195 amicior
924 3153 998 3192 om-

167 3229 260 3292 nium
267 3231 430 3309 libertati,
440 3256 540 3321 quam
555 3255 634 3300 suae
648 3237 751 3300 luerit
764 3237 996 3317 dominationi.
