2086 3676
192 200 230 266 ιδ
340 193 372 253 Ι.
412 191 735 256 trimanus.
752 194 859 271 '·1.·2.

190 377 374 448 Lemnum,
396 384 429 434 et
441 374 569 438 incolas
588 376 660 452 ejus
676 379 806 441 insulae
822 380 883 442 sub
893 391 1011 462 potes.

188 491 291 543 tatem
312 479 467 558 redigere
491 481 592 541 vellet
612 480 884 555 Atheniensium,
905 464 1010 567 idque

188 584 317 646 Lemnii
352 604 412 644 sua
440 597 557 667 sponte
583 588 750 659 facerent,
782 587 1010 666 postulasset:

148 692 166 758 5
186 690 238 751 ilii
251 688 430 749 irridentes
446 692 711 771 responderunt,
735 702 806 751 tum
824 691 860 752 id
885 712 922 752 se
938 696 1009 758 fae.

185 806 301 865 turos,
332 813 434 873 quum
455 793 531 866 ille,
562 795 660 856 dumo
685 795 826 857 navibus
850 786 1009 876 proficis.

187 917 264 961 cens
278 904 377 958 ve'nto
393 898 566 980 aquilone,
577 899 911 967 venissetLemnum.
944 903 1008 968 Hic

186 1004 275 1065 euim
291 1016 429 1079 ventus,
459 1005 773 1086 asepteutriouibns
793 1003 923 1078 oriens,
946 1011 1009 1071 ad.

144 1106 163 1172 6
191 1129 326 1171 versum
346 1121 437 1170 tenet
451 1107 902 1191 Athenis'pruficiseeutibus.
926 1111 1008 1172 Mil.

182 1214 289 1275 tiades
301 1255 310 1288 ,
341 1216 494 1276 morandi
518 1224 651 1296 tempus
671 1234 737 1274 nun
757 1211 885 1274 habeus
897 1252 908 1285 ‚
930 1235 1008 1276 cur.

183 1335 257 1378 sum
267 1317 401 1397 direxit,
410 1341 474 1402 quo
484 1309 655 1397 tendebat,
673 1316 889 1402 pervenitque
901 1302 1006 1411 Chen

182 1442 353 1484 sonesum.

139 1638 173 1701 Π
263 1632 316 1697 Ibi
339 1634 435 1697 brevi
471 1614 620 1715 tempore
649 1635 872 1709 barbarorum
898 1637 999 1721 copiis

69 1769 72 1775 ·
132 1782 138 1793 „
177 1737 421 1831 disjectis2t0ta
431 1741 852 1831 regione‚quampetierat‚
865 1742 1005 1821 potitus,

175 1843 250 1904 loca
266 1842 412 1913 castellis
428 1843 550 1927 idonea
559 1846 792 1931 communivit,
815 1845 1006 1939 multitudi-

175 1968 264 2023 nem,
276 1969 377 2030 quam
397 1930 510 2010 seeum
531 1951 686 2023 duxerat,
702 1952 737 2010 iu
756 1951 848 2031 agris
859 1953 1008 2015 colloca·

174 2053 239 2130 vit,
267 2055 461 2137 crebrisque
489 2058 744 2145 excursionibus
771 2055 1006 2147 ioqupletavit.

133 2170 154 2234 2
176 2160 295 2243 Neque
311 2161 422 2223 minus
440 2162 475 2223 in
493 2183 531 2225 ea
546 2183 583 2224 re
601 2161 818 2247 prudentie„n
831 2183 932 2243 quam
954 2164 1006 2227 ie·

172 2265 311 2340 brinate,
324 2266 458 2345 adjutus
470 2281 533 2330 est.
575 2269 662 2329 Nam
681 2285 784 2350 quum
801 2267 924 2331 virtute
938 2272 1007 2333 mi-

173 2371 272 2435 litum
293 2368 443 2471 hosstiurn
466 2376 646 2439 devicisset
664 2372 848 2448 exercitus,
872 2352 1007 2449 summa

172 2480 338 2561 aequitate
365 2499 419 2541 res
449 2482 641 2555 coustituit,
664 2490 762 2562 atque
779 2478 854 2561 ipse
873 2481 1005 2547 ibidem

129 2588 149 2653 ὅ
168 2604 304 2649 manere
320 2587 481 2648 decrerit..
511 2585 593 2664 Erat
606 2588 694 2651 enim
706 2588 793 2659 inter
815 2606 870 2648 eos
890 2586 1007 2670 digai.-

144 2726 147 2731 ·
168 2702 238 2756 tate
255 2693 362 2774 regia,
381 2695 534 2776 quamvis
552 2696 686 2757 carebat
702 2692 855 2772 nomine3
890 2710 1003 2776 neque

167 2798 205 2863 id
217 2800 323 2881 magis
334 2801 490 2884 irnperio,
510 2823 610 2884 quam
623 2800 766 2878 justitia,
783 2808 1003 2865 consecutus.

142 2921 146 2927 ·
167 2905 287 2986 Neque
302 2926 340 2967 eo
351 2907 459 2971 secius
470 2905 778 2980 Aueniensihuua
792 2902 914 2983 quibus
927 2917 1005 2968 erat

165 3011 353 3096 proiectus,
376 3013 489 3081 officia
504 3016 709 3095 praestabat.
747 3009 878 3090 Quibus
895 3014 1001 3074 rebus

166 3115 281 3192 flebat,
300 3130 338 3180 ut
352 3142 421 3183 non
430 3123 541 3185 minus
561 3139 676 3183 eorum
688 3119 859 3180 voluntate
877 3136 1010 3201 perpe:

120 3226 127 3239 ‘
164 3232 225 3288 tue
234 3206 416 3310 imperiurn
426 3214 608 3302 obtineret,
624 3225 684 3308 qui
700 3224 874 3299 miserant,
896 3243 1007 3307 quam.

48 3312 246 3462 Ἀ
