2100 3668
179 229 218 297 ⁵6
319 215 876 291 V11.atcrnranns.2.3‚
968 258 972 266 .

178 427 217 467 eo
237 401 444 473 surrexisse,
475 419 513 460 ac
527 398 620 460 lilius
642 421 662 462 a
678 414 817 482 parente
833 402 998 465 debuerit.

136 513 399 586 3Posteaquam
412 506 588 569 robustior
617 518 668 567 est
688 510 816 580 factus,
847 530 919 570 non
941 513 999 571 mi.
1033 534 1046 541 -

176 637 239 679 nus
251 613 375 674 multos
393 612 536 682 amavit,
552 613 742 692 inquorum
754 634 880 687 amore,
892 617 1000 696 quoad

175 723 304 786 licitum
330 727 402 787 est,
434 715 552 777 odiosa
569 718 675 777 multa
704 719 845 780 delicate
870 722 1000 796 jocose.

175 847 240 911 que
269 823 366 883 fecit:
397 840 481 901 quae
508 823 733 901 referremus,
773 825 840 885 nisi
871 828 998 904 majora

48 977 54 990 .
103 1002 106 1006 A
173 934 371 1019 potioraque
391 923 605 998 haberemus,
1026 932 1031 937 '

133 1147 185 1221 ,ΠΙ
269 1140 366 1202 Bello
386 1116 630 1220 Peloponnesio
652 1139 755 1216 hujus
784 1129 935 1204 consilio
949 1154 995 1205 at-

60 1231 65 1241 ,
170 1271 235 1335 que
265 1247 462 1310 auctoritate
489 1244 710 1308 Athenienses
741 1250 876 1311 bellnm'
897 1248 995 1327 Sy'ra·

174 1357 307 1420 cusanis
328 1353 541 1413 indixerunt:
561 1353 603 1411 ad
621 1356 711 1432 quod
728 1357 911 1434 gerendum
924 1356 995 1437 ipse

172 1465 240 1525 dux
265 1462 413 1521 delectus
441 1469 515 1536 est;
556 1457 620 1516 duo
644 1472 818 1538 praeterea
849 1461 993 1542 collegae

127 1569 260 1644 2dati,
283 1566 397 1626 Nicias
413 1569 452 1623 'et
466 1561 664 1627 Lamachus,
708 1566 746 1625 ld
768 1586 871 1644 quum
893 1578 992 1648 appe.

168 1685 318 1746 teretur,
341 1671 435 1754 prius
452 1690 551 1750 quam
569 1669 686 1730 classis
712 1672 838 1744 exiret,
862 1674 989 1746 accidit,

167 1793 206 1842 ut
223 1801 290 1842 una
308 1789 404 1839 nocte
431 1794 545 1843 omnes
572 1775 736 1850 Hermae,
749 1794 753 1799 ·
767 1778 824 1858 qui
843 1778 879 1837 in
897 1780 990 1862 oppi-
1021 1796 1023 1811 ¹

167 1886 209 1947 do
246 1896 342 1944 erant
378 1880 534 1953 Athenis,
579 1881 818 1956 dejicerentur,
859 1898 993 1965 praeter

166 2010 289 2061 uuum,
331 1986 490 2066 quiante
527 1983 664 2059 januam
696 1999 768 2048 erat
796 1990 989 2050 Andocidis.

24 2163 28 2170 ,
164 2099 282 2175 Itaque
300 2078 359 2152 illc
380 2102 497 2174 postea
517 2088 704 2161 Mercurius
724 2096 916 2159 Andocides
935 2115 990 2155 vo.
1044 2110 1046 2125 =

48 2249 53 2263 ,
123 2202 290 2295 3citatus
314 2208 373 2258 est.
418 2195 487 2257 Hoc
514 2216 616 2276 quum
636 2211 899 2278 appareretnon
920 2196 1001 2259 sine'

165 2310 288 2387 m'agna
313 2305 495 2365 multorum
517 2304 736 2371 consensione
753 2323 827 2366 esse
850 2307 989 2381 lactum,

166 2390 257 2496 quod
277 2431 343 2470 non
371 2414 413 2486 ad
441 2411 624 2492 privatam,
664 2413 724 2473 sed
748 2414 790 2474 ad
819 2412 999 2493 publicant¹
1044 2434 1046 2441 ·

162 2539 236 2581 rem
255 2516 463 2598 pertineret,
494 2536 635 2597 magnus
656 2519 862 2581 multitudini
888 2519 990 2580 timor
1025 2502 1046 2569 ἰ

166 2637 218 2686 est
232 2623 394 2697 injectus,
427 2642 467 2682 ne
493 2644 559 2704 qua
578 2626 750 2704 repentina
771 2625 820 2684 vis
844 2625 877 2683 in
908 2627 990 2687 civi-

161 2741 230 2793 tate
253 2729 448 2800 exsisteret,
478 2738 560 2809 quae
575 2728 764 2789 libertatem
782 2730 990 2810 opprimeret

115 2832 142 2912 ,4
161 2835 291 2919 populi.
335 2835 405 2896 Hoc
424 2835 763 2908 'maximeconveuire
781 2836 817 2895 in
839 2836 990 2900 Alcibiaa
1007 2826 1014 2865 s

164 2942 239 3002 dem
264 2939 458 3013 videbatur,
490 2940 580 3021 quod
605 2953 636 3000 et
659 2944 828 3031 potentior
855 2944 893 3002 et'
915 2963 988 3003 ma·

87 3078 90 3083 ·
136 3050 236 3127 .jo'r,
265 3069 365 3130 quam
386 3047 556 3128 privatus,
589 3049 851 3113 existimabatur,-
895 3047 987 3106 Mul·

161 3165 213 3214 tos
227 3155 315 3213 enim
325 3151 528 3214 liberalitate
542 3154 748 3228 devinxerat,
757 3154 873 3240 plures
887 3154 988 3217 etiam

121 3267 140 3331 5
163 3281 265 3344 opera
287 3259 415 3322 forensi
443 3279 522 3321 suos
544 3263 746 3327 reddiderat.
790 3259 902 3343 Quare
927 3257 1010 3321 fier
