2086 3676
141 223 199 291 ιω
284 212 386 274 xxn.
421 208 734 309 nauffinna.
770 214 889 290 ΜΛ.

133 403 195 467 ced
215 398 315 462 etiam
334 392 418 454 fines
434 392 568 476 imperii
584 394 810 478 propagavit,
832 392 939 455 totali.

132 511 203 571 rica
215 513 345 566 tantum
362 503 468 563 otium
484 503 645 574 reddidit,
665 513 707 563 ut
723 499 864 561 nullum
878 499 941 561 iret

134 614 263 679 bellum
284 610 456 671 videretur
476 609 594 671 multia
617 607 716 668 annia
737 606 865 668 suinae.
980 580 982 588 Ι

98 824 149 886 ΠΙ
211 821 323 882 Rebus
344 819 398 881 hia
419 839 459 880 ex
479 819 644 881 sententia
662 818 840 901 peractio,
860 810 942 881 ΒΜ

138 932 249 995 animo
272 935 370 1006 atque
393 927 516 989 infesto
539 905 722 1001 Romania,
745 946 822 1009 quo
844 924 944 988 facilia

140 1030 277 1101 causani
295 1032 445 1096 bellandi
461 1032 636 1113 reperiret,
659 1033 793 1105 effecit,
816 1033 910 1093 utin

140 1156 233 1206 rator
250 1157 324 1201 cum
341 1139 488 1200 exercitu
505 1140 540 1198 in
552 1138 751 1219 Hispaniam
768 1139 906 1209 mittere

142 1268 247 1330 coque
270 1264 384 1306 tecum
406 1244 503 1304 duxit
521 1242 628 1304 filium
650 1242 897 1317 Hannibalem,
912 1260 945 1305 u·

100 1374 121 1434 2
140 1374 261 1419 norum
275 1368 406 1411 novem.
439 1347 520 1408 Erat
538 1361 710 1428 praeterea
727 1370 821 1411 cum
839 1371 879 1413 eo
897 1350 943 1413 ab

143 1466 272 1524 lescens
287 1453 443 1525 illustria,
454 1453 638 1526 formosus,
653 1453 873 1546 Hasdrubal,
883 1472 938 1540 qu
979 1512 983 1519 ,

144 1561 298 1629 nonnulli
320 1561 416 1640 diligi
435 1560 586 1640 turpius,
609 1581 709 1641 quam
730 1580 800 1641 par
822 1556 932 1633 crat,i

145 1668 334 1733 Hamilcare
367 1665 601 1745 loquebantur.
657 1664 734 1723 Nou
758 1669 857 1728 enim
879 1664 939 1727 mal*

143 1775 210 1839 dici
239 1780 330 1833 tauto
361 1772 431 1832 viro
460 1771 576 1831 deesse
606 1779 775 1848 poterant.
824 1772 945 1855 Quod

148 1896 236 1945 ctum
256 1889 327 1947 eat,
348 1886 386 1936 ut
406 1896 426 1936 a
446 1877 615 1956 praelecto
635 1894 765 1935 morum
780 1876 945 1942 Haadrnll

147 2009 221 2052 cum
252 2004 290 2044 eo
324 1994 491 2043 vetaretur
515 1999 609 2042 eoae.
661 1979 746 2041 Huic
778 1983 845 2045 ille
877 1984 949 2044 liliar

146 2114 244 2156 auam
263 2091 298 2149 in
319 2086 566 2146 matrimonium
579 2085 688 2159 dedit,
711 2090 806 2166 quod
827 2092 952 2153 moribu

150 2218 267 2261 eornm
293 2213 358 2253 non
386 2203 517 2272 poterat
539 2191 693 2254 interdici
718 2211 843 2256 nocero
868 2212 954 2276 gener.

111 2306 202 2381 alle
231 2299 294 2361 hoc
325 2298 400 2359 idco
433 2299 636 2359 mentionem
667 2298 836 2374 fecimus,
871 2300 957 2384 quod,

153 2408 341 2472 Hamilcare
372 2404 501 2483 occiso,
530 2402 586 2461 ille
615 2403 774 2463 exercitui
807 2408 959 2489 praefuit,

152 2531 272 2592 resque
291 2529 429 2591 magnas
450 2509 573 2587 gessit3
597 2520 628 2568 et
647 2509 806 2591 princepe
828 2512 962 2595 largitio·

154 2641 194 2681 ne
222 2627 369 2677 vetustos
395 2614 555 2696 pervertit
578 2633 688 2674 morea
719 2611 962 2699 Carthaginien·

154 2727 260 2799 aium3
296 2718 510 2798 ejusdemquo
537 2731 614 2797 post
639 2733 782 2782 mortem
811 2716 966 2790 Hannibal

156 2836 198 2895 ab
221 2828 368 2917 enercitu
387 2823 513 2904 accepit
531 2823 720 2905 imperium.
784 2861 786 2865 ⁴

84 3096 87 3101 .
118 3040 167 3103 IV
228 3042 271 3097 At
293 3035 473 3105 Hamilcar,
493 3044 709 3114 posteaquam
732 3054 828 3097 mare
848 3036 969 3101 tranuiit

156 3146 191 3204 in
213 3142 474 3221 Hispaniamque
491 3140 600 3211 venit,
622 3160 760 3219 magnas
780 3162 838 3203 rea
865 3163 968 3207 secun·

101 3268 117 3321 ί.
157 3245 319 3329 dageorit
331 3250 482 3319 fortuna:
504 3247 668 3319 maximae
683 3245 988 3345 bellicosissimo,
