<?xml version="1.0" encoding="UTF-8"?>
<!DOCTYPE html PUBLIC "-//W3C//DTD XHTML 1.0 Transitional//EN"
    "http://www.w3.org/TR/xhtml1/DTD/xhtml1-transitional.dtd">
<html xmlns="http://www.w3.org/1999/xhtml" xml:lang="en" lang="en">
 <head>
  <title>
</title>
<meta http-equiv="Content-Type" content="text/html;charset=utf-8" />
  <meta name='ocr-system' content='tesseract 3.04.00' />
  <meta name='ocr-capabilities' content='ocr_page ocr_carea ocr_par ocr_line ocrx_word'/>
</head>
<body>
  <div class='ocr_page' id='page_1' title='image "./corneliinepotis03nepogoog_0116.png"; bbox 0 0 2086 3676; ppageno 0'>
   <div class='ocr_carea' id='block_1_1' title="bbox 195 250 877 333">
    <p class='ocr_par' dir='ltr' id='par_1_1' title="bbox 195 250 877 333">
     <span class='ocr_line' id='line_1_1' title="bbox 195 250 877 333; baseline 0.026 -17"><span class='ocrx_word' id='word_1_1' title='bbox 195 253 286 317; x_wconf 85' lang='lat' dir='ltr'>XIV.</span> <span class='ocrx_word' id='word_1_2' title='bbox 316 250 586 321; x_wconf 75' lang='lat' dir='ltr'><strong>DATAMES.</strong></span> <span class='ocrx_word' id='word_1_3' title='bbox 615 266 645 329; x_wconf 88' lang='lat'>7·</span> <span class='ocrx_word' id='word_1_4' title='bbox 667 256 699 331; x_wconf 71' lang='lat' dir='ltr'>fl·</span> <span class='ocrx_word' id='word_1_5' title='bbox 821 271 877 333; x_wconf 82' lang='lat'>107</span> 
     </span>
    </p>
   </div>
   <div class='ocr_carea' id='block_1_2' title="bbox 23 434 878 835">
    <p class='ocr_par' dir='ltr' id='par_1_2' title="bbox 52 434 876 521">
     <span class='ocr_line' id='line_1_2' title="bbox 52 434 876 521; baseline -0.01 -18"><span class='ocrx_word' id='word_1_6' title='bbox 52 456 164 521; x_wconf 83' lang='lat' dir='ltr'>neque</span> <span class='ocrx_word' id='word_1_7' title='bbox 183 436 382 519; x_wconf 82' lang='lat' dir='ltr'>praeteriret</span> <span class='ocrx_word' id='word_1_8' title='bbox 398 435 631 507; x_wconf 86' lang='lat' dir='ltr'>adversarius,</span> <span class='ocrx_word' id='word_1_9' title='bbox 652 434 733 515; x_wconf 82' lang='lat' dir='ltr'>quin</span> <span class='ocrx_word' id='word_1_10' title='bbox 752 434 876 516; x_wconf 86' lang='lat' dir='ltr'>ancipi-</span> 
     </span>
    </p>

    <p class='ocr_par' dir='ltr' id='par_1_3' title="bbox 51 538 878 622">
     <span class='ocr_line' id='line_1_3' title="bbox 51 538 878 622; baseline -0.006 -14"><span class='ocrx_word' id='word_1_11' title='bbox 51 544 149 608; x_wconf 76' lang='lat' dir='ltr'>ribus</span> <span class='ocrx_word' id='word_1_12' title='bbox 165 540 249 602; x_wconf 89' lang='lat' dir='ltr'>Iocis</span> <span class='ocrx_word' id='word_1_13' title='bbox 267 553 485 622; x_wconf 81' lang='lat' dir='ltr'>premeretur,</span> <span class='ocrx_word' id='word_1_14' title='bbox 507 550 551 612; x_wconf 85' lang='lat' dir='ltr'>et,</span> <span class='ocrx_word' id='word_1_15' title='bbox 571 540 606 598; x_wconf 87' lang='lat' dir='ltr'>si</span> <span class='ocrx_word' id='word_1_16' title='bbox 625 538 781 601; x_wconf 88' lang='lat' dir='ltr'>dimicare</span> <span class='ocrx_word' id='word_1_17' title='bbox 802 561 878 603; x_wconf 88' lang='lat' dir='ltr'>cum</span> 
     </span>
    </p>

    <p class='ocr_par' dir='ltr' id='par_1_4' title="bbox 23 644 876 835">
     <span class='ocr_line' id='line_1_4' title="bbox 50 644 876 725; baseline -0.007 -16"><span class='ocrx_word' id='word_1_18' title='bbox 50 666 96 725; x_wconf 71' lang='lat' dir='ltr'>eo</span> <span class='ocrx_word' id='word_1_19' title='bbox 109 644 230 717; x_wconf 84' lang='lat' dir='ltr'>vellet,</span> <span class='ocrx_word' id='word_1_20' title='bbox 250 664 317 706; x_wconf 88' lang='lat' dir='ltr'>non</span> <span class='ocrx_word' id='word_1_21' title='bbox 327 645 469 707; x_wconf 88' lang='lat' dir='ltr'>multum</span> <span class='ocrx_word' id='word_1_22' title='bbox 487 648 606 708; x_wconf 83' lang='lat' dir='ltr'>obesse</span> <span class='ocrx_word' id='word_1_23' title='bbox 622 645 800 707; x_wconf 84' lang='lat' dir='ltr'>multitudo</span> <span class='ocrx_word' id='word_1_24' title='bbox 813 644 876 707; x_wconf 72' lang='lat' dir='ltr'>ho·</span> 
     </span>
     <span class='ocr_line' id='line_1_5' title="bbox 23 730 590 835; baseline -0.012 -19"><span class='ocrx_word' id='word_1_25' title='bbox 23 730 159 821; x_wconf 62' lang='lat' dir='ltr'>2.st</span> <span class='ocrx_word' id='word_1_26' title='bbox 179 769 258 812; x_wconf 86' lang='lat' dir='ltr'>suae</span> <span class='ocrx_word' id='word_1_27' title='bbox 287 751 445 834; x_wconf 75' lang='lat' dir='ltr'>paucitati</span> <span class='ocrx_word' id='word_1_28' title='bbox 463 761 590 835; x_wconf 87' lang='lat' dir='ltr'>posset.</span> 
     </span>
    </p>
   </div>
   <div class='ocr_carea' id='block_1_3' title="bbox 9 958 980 3376">
    <p class='ocr_par' dir='ltr' id='par_1_5' title="bbox 48 958 914 1259">
     <span class='ocr_line' id='line_1_6' title="bbox 136 958 914 1047; baseline -0.003 -24"><span class='ocrx_word' id='word_1_29' title='bbox 136 961 226 1025; x_wconf 80' lang='lat' dir='ltr'>Haec</span> <span class='ocrx_word' id='word_1_30' title='bbox 246 965 308 1024; x_wconf 87' lang='lat' dir='ltr'>etsi</span> <span class='ocrx_word' id='word_1_31' title='bbox 322 964 589 1047; x_wconf 85' lang='lat' dir='ltr'>Autophradates</span> <span class='ocrx_word' id='word_1_32' title='bbox 606 966 750 1035; x_wconf 82' lang='lat' dir='ltr'>ridebat,</span> <span class='ocrx_word' id='word_1_33' title='bbox 767 973 818 1023; x_wconf 83' lang='lat' dir='ltr'>ta-</span> <span class='ocrx_word' id='word_1_34' title='bbox 831 958 914 1021; x_wconf 88' lang='lat' dir='ltr'>v111</span> 
     </span>
     <span class='ocr_line' id='line_1_7' title="bbox 49 1066 876 1154; baseline -0.005 -23"><span class='ocrx_word' id='word_1_35' title='bbox 49 1088 133 1131; x_wconf 85' lang='lat' dir='ltr'>men</span> <span class='ocrx_word' id='word_1_36' title='bbox 149 1066 265 1131; x_wconf 83' lang='lat' dir='ltr'>statuit</span> <span class='ocrx_word' id='word_1_37' title='bbox 280 1071 457 1151; x_wconf 83' lang='lat' dir='ltr'>cougredI,</span> <span class='ocrx_word' id='word_1_38' title='bbox 491 1092 590 1154; x_wconf 87' lang='lat' dir='ltr'>quam</span> <span class='ocrx_word' id='word_1_39' title='bbox 613 1090 687 1132; x_wconf 90' lang='lat' dir='ltr'>cum</span> <span class='ocrx_word' id='word_1_40' title='bbox 703 1068 804 1130; x_wconf 88' lang='lat' dir='ltr'>tantis</span> <span class='ocrx_word' id='word_1_41' title='bbox 822 1080 876 1128; x_wconf 77' lang='lat' dir='ltr'>co·</span> 
     </span>
     <span class='ocr_line' id='line_1_8' title="bbox 48 1168 873 1259; baseline -0.004 -24"><span class='ocrx_word' id='word_1_42' title='bbox 48 1168 120 1259; x_wconf 68' lang='lat' dir='ltr'>ptis</span> <span class='ocrx_word' id='word_1_43' title='bbox 137 1174 310 1255; x_wconf 82' lang='lat' dir='ltr'>refugere,</span> <span class='ocrx_word' id='word_1_44' title='bbox 331 1187 388 1235; x_wconf 85' lang='lat' dir='ltr'>aut</span> <span class='ocrx_word' id='word_1_45' title='bbox 405 1186 475 1237; x_wconf 88' lang='lat' dir='ltr'>tam</span> <span class='ocrx_word' id='word_1_46' title='bbox 498 1178 555 1238; x_wconf 90' lang='lat' dir='ltr'>diu</span> <span class='ocrx_word' id='word_1_47' title='bbox 573 1196 638 1235; x_wconf 90' lang='lat' dir='ltr'>uno</span> <span class='ocrx_word' id='word_1_48' title='bbox 656 1177 729 1235; x_wconf 92' lang='lat' dir='ltr'>Ioco</span> <span class='ocrx_word' id='word_1_49' title='bbox 746 1174 873 1234; x_wconf 80' lang='lat' dir='ltr'>sedere.</span> 
     </span>
    </p>

    <p class='ocr_par' dir='ltr' id='par_1_6' title="bbox 11 1270 916 1363">
     <span class='ocr_line' id='line_1_9' title="bbox 11 1270 916 1363; baseline -0.006 -22"><span class='ocrx_word' id='word_1_50' title='bbox 11 1326 17 1337; x_wconf 89' lang='lat'><em>.</em></span> <span class='ocrx_word' id='word_1_51' title='bbox 50 1280 211 1345; x_wconf 77' lang='lat' dir='ltr'>Habebat</span> <span class='ocrx_word' id='word_1_52' title='bbox 225 1283 447 1344; x_wconf 87' lang='lat' dir='ltr'>barbarorum</span> <span class='ocrx_word' id='word_1_53' title='bbox 460 1282 606 1363; x_wconf 86' lang='lat' dir='ltr'>equitum</span> <span class='ocrx_word' id='word_1_54' title='bbox 622 1280 758 1359; x_wconf 80' lang='lat' dir='ltr'>viginti,</span> <span class='ocrx_word' id='word_1_55' title='bbox 780 1279 873 1362; x_wconf 78' lang='lat' dir='ltr'>pcdi-</span> <span class='ocrx_word' id='word_1_56' title='bbox 893 1270 916 1331; x_wconf 77' lang='lat'><strong><em>2</em></strong></span> 
     </span>
    </p>

    <p class='ocr_par' dir='ltr' id='par_1_7' title="bbox 12 1380 878 1469">
     <span class='ocr_line' id='line_1_10' title="bbox 12 1380 878 1469; baseline -0.003 -22"><span class='ocrx_word' id='word_1_57' title='bbox 12 1384 30 1457; x_wconf 66' lang='lat'>¹:</span> <span class='ocrx_word' id='word_1_58' title='bbox 48 1396 127 1447; x_wconf 83' lang='lat' dir='ltr'>tum</span> <span class='ocrx_word' id='word_1_59' title='bbox 146 1380 278 1446; x_wconf 85' lang='lat' dir='ltr'>ceritum</span> <span class='ocrx_word' id='word_1_60' title='bbox 296 1388 423 1460; x_wconf 89' lang='lat' dir='ltr'>millia,</span> <span class='ocrx_word' id='word_1_61' title='bbox 454 1406 537 1469; x_wconf 87' lang='lat' dir='ltr'>quos</span> <span class='ocrx_word' id='word_1_62' title='bbox 555 1387 607 1445; x_wconf 89' lang='lat' dir='ltr'>illi</span> <span class='ocrx_word' id='word_1_63' title='bbox 626 1383 791 1447; x_wconf 76' lang='lat' dir='ltr'>Cardacas</span> <span class='ocrx_word' id='word_1_64' title='bbox 818 1403 878 1465; x_wconf 90' lang='lat' dir='ltr'>ap-</span> 
     </span>
    </p>

    <p class='ocr_par' dir='ltr' id='par_1_8' title="bbox 10 1487 875 1575">
     <span class='ocr_line' id='line_1_11' title="bbox 10 1487 875 1575; baseline -0.005 -24"><span class='ocrx_word' id='word_1_65' title='bbox 10 1560 14 1569; x_wconf 39' lang='lat'><em>,</em></span> <span class='ocrx_word' id='word_1_66' title='bbox 47 1490 203 1575; x_wconf 86' lang='lat' dir='ltr'>pellant,</span> <span class='ocrx_word' id='word_1_67' title='bbox 233 1491 449 1574; x_wconf 82' lang='lat' dir='ltr'>cjrrsdemque</span> <span class='ocrx_word' id='word_1_68' title='bbox 478 1492 607 1575; x_wconf 82' lang='lat' dir='ltr'>generis</span> <span class='ocrx_word' id='word_1_69' title='bbox 634 1492 699 1552; x_wconf 90' lang='lat' dir='ltr'>tria</span> <span class='ocrx_word' id='word_1_70' title='bbox 727 1487 875 1552; x_wconf 76' lang='lat' dir='ltr'>fundito-</span> 
     </span>
    </p>

    <p class='ocr_par' dir='ltr' id='par_1_9' title="bbox 25 1594 875 1787">
     <span class='ocr_line' id='line_1_12' title="bbox 25 1594 875 1678; baseline -0.008 -21"><span class='ocrx_word' id='word_1_71' title='bbox 25 1596 148 1659; x_wconf 86' lang='lat' dir='ltr'>.ruri1:</span> <span class='ocrx_word' id='word_1_72' title='bbox 178 1608 350 1678; x_wconf 86' lang='lat' dir='ltr'>praeterea</span> <span class='ocrx_word' id='word_1_73' title='bbox 373 1594 606 1677; x_wconf 87' lang='lat' dir='ltr'>Cappadocum</span> <span class='ocrx_word' id='word_1_74' title='bbox 633 1606 725 1663; x_wconf 78' lang='lat' dir='ltr'>octo,</span> <span class='ocrx_word' id='word_1_75' title='bbox 756 1598 875 1654; x_wconf 84' lang='lat' dir='ltr'>Arme-</span> 
     </span>
     <span class='ocr_line' id='line_1_13' title="bbox 51 1696 875 1787; baseline -0.012 -24"><span class='ocrx_word' id='word_1_76' title='bbox 51 1702 187 1781; x_wconf 77' lang='lat' dir='ltr'>niorum</span> <span class='ocrx_word' id='word_1_77' title='bbox 197 1702 322 1775; x_wconf 85' lang='lat' dir='ltr'>decem,</span> <span class='ocrx_word' id='word_1_78' title='bbox 333 1701 586 1787; x_wconf 79' lang='lat' dir='ltr'>Paphlagonum</span> <span class='ocrx_word' id='word_1_79' title='bbox 596 1700 754 1781; x_wconf 87' lang='lat' dir='ltr'>quinque,</span> <span class='ocrx_word' id='word_1_80' title='bbox 767 1696 875 1773; x_wconf 87' lang='lat' dir='ltr'>Phry-</span> 
     </span>
    </p>

    <p class='ocr_par' dir='ltr' id='par_1_10' title="bbox 17 1788 874 1985">
     <span class='ocr_line' id='line_1_14' title="bbox 17 1788 873 1889; baseline -0.007 -19"><span class='ocrx_word' id='word_1_81' title='bbox 17 1788 21 1795; x_wconf 31' lang='lat'>·</span> <span class='ocrx_word' id='word_1_82' title='bbox 55 1826 137 1889; x_wconf 80' lang='lat' dir='ltr'>gum</span> <span class='ocrx_word' id='word_1_83' title='bbox 154 1808 285 1878; x_wconf 86' lang='lat' dir='ltr'>decem,</span> <span class='ocrx_word' id='word_1_84' title='bbox 313 1804 483 1882; x_wconf 88' lang='lat' dir='ltr'>Lydorum</span> <span class='ocrx_word' id='word_1_85' title='bbox 500 1807 664 1888; x_wconf 86' lang='lat' dir='ltr'>quinque,</span> <span class='ocrx_word' id='word_1_86' title='bbox 687 1804 873 1888; x_wconf 86' lang='lat' dir='ltr'>Aspendio-</span> 
     </span>
     <span class='ocr_line' id='line_1_15' title="bbox 50 1910 874 1985; baseline -0.01 -8"><span class='ocrx_word' id='word_1_87' title='bbox 50 1920 132 1977; x_wconf 72' lang='lat' dir='ltr'>rum</span> <span class='ocrx_word' id='word_1_88' title='bbox 149 1925 182 1975; x_wconf 87' lang='lat' dir='ltr'>et</span> <span class='ocrx_word' id='word_1_89' title='bbox 199 1910 391 1973; x_wconf 76' lang='lat' dir='ltr'>Pisidarum</span> <span class='ocrx_word' id='word_1_90' title='bbox 405 1912 534 1974; x_wconf 89' lang='lat' dir='ltr'>circiter</span> <span class='ocrx_word' id='word_1_91' title='bbox 543 1913 620 1985; x_wconf 86' lang='lat' dir='ltr'>tria,</span> <span class='ocrx_word' id='word_1_92' title='bbox 642 1910 780 1976; x_wconf 86' lang='lat' dir='ltr'>Cilicum</span> <span class='ocrx_word' id='word_1_93' title='bbox 796 1913 874 1983; x_wconf 87' lang='lat' dir='ltr'>duo,</span> 
     </span>
    </p>

    <p class='ocr_par' dir='ltr' id='par_1_11' title="bbox 13 2017 935 2191">
     <span class='ocr_line' id='line_1_16' title="bbox 13 2017 935 2117; baseline -0.008 -34"><span class='ocrx_word' id='word_1_94' title='bbox 13 2080 18 2089; x_wconf 94' lang='grc'><em>,</em></span> <span class='ocrx_word' id='word_1_95' title='bbox 50 2018 294 2109; x_wconf 77' lang='lat' dir='ltr'>Captianorum</span> <span class='ocrx_word' id='word_1_96' title='bbox 302 2017 464 2091; x_wconf 87' lang='lat' dir='ltr'>totidem,</span> <span class='ocrx_word' id='word_1_97' title='bbox 486 2039 526 2079; x_wconf 84' lang='lat' dir='ltr'>ex</span> <span class='ocrx_word' id='word_1_98' title='bbox 539 2019 679 2082; x_wconf 84' lang='lat' dir='ltr'>Graecia</span> <span class='ocrx_word' id='word_1_99' title='bbox 695 2018 875 2082; x_wconf 85' lang='lat' dir='ltr'>conducto·</span> <span class='ocrx_word' id='word_1_100' title='bbox 929 2094 935 2117; x_wconf 53' lang='grc' dir='ltr'>Ι</span> 
     </span>
     <span class='ocr_line' id='line_1_17' title="bbox 47 2123 875 2191; baseline -0.01 -4"><span class='ocrx_word' id='word_1_101' title='bbox 47 2124 208 2191; x_wconf 70' lang='lat' dir='ltr'>rurestria</span> <span class='ocrx_word' id='word_1_102' title='bbox 224 2124 350 2188; x_wconf 86' lang='lat' dir='ltr'>millia:</span> <span class='ocrx_word' id='word_1_103' title='bbox 379 2123 463 2184; x_wconf 84' lang='lat' dir='ltr'>levis</span> <span class='ocrx_word' id='word_1_104' title='bbox 485 2139 672 2191; x_wconf 84' lang='lat' dir='ltr'>armaturae</span> <span class='ocrx_word' id='word_1_105' title='bbox 691 2123 875 2186; x_wconf 86' lang='lat' dir='ltr'>maximum</span> 
     </span>
    </p>

    <p class='ocr_par' dir='ltr' id='par_1_12' title="bbox 11 2226 916 2523">
     <span class='ocr_line' id='line_1_18' title="bbox 11 2226 916 2311; baseline -0.002 -22"><span class='ocrx_word' id='word_1_106' title='bbox 11 2240 18 2247; x_wconf 86' lang='lat'>&#39;</span> <span class='ocrx_word' id='word_1_107' title='bbox 48 2234 242 2289; x_wconf 79' lang='lat' dir='ltr'>numerum.</span> <span class='ocrx_word' id='word_1_108' title='bbox 284 2228 353 2291; x_wconf 86' lang='lat' dir='ltr'>Has</span> <span class='ocrx_word' id='word_1_109' title='bbox 376 2230 537 2290; x_wconf 83' lang='lat' dir='ltr'>adversus</span> <span class='ocrx_word' id='word_1_110' title='bbox 558 2231 670 2311; x_wconf 88' lang='lat' dir='ltr'>copias</span> <span class='ocrx_word' id='word_1_111' title='bbox 696 2248 774 2310; x_wconf 89' lang='lat' dir='ltr'>spes</span> <span class='ocrx_word' id='word_1_112' title='bbox 802 2226 916 2295; x_wconf 65' lang='lat' dir='ltr'>ori-&#39;5</span> 
     </span>
     <span class='ocr_line' id='line_1_19' title="bbox 49 2320 902 2421; baseline -0.001 -26"><span class='ocrx_word' id='word_1_113' title='bbox 49 2332 106 2395; x_wconf 84' lang='lat' dir='ltr'>nis</span> <span class='ocrx_word' id='word_1_114' title='bbox 126 2333 331 2421; x_wconf 73' lang='lat' dir='ltr'>sepsistehat</span> <span class='ocrx_word' id='word_1_115' title='bbox 348 2334 486 2398; x_wconf 86' lang='lat' dir='ltr'>Datami</span> <span class='ocrx_word' id='word_1_116' title='bbox 508 2337 543 2396; x_wconf 84' lang='lat' dir='ltr'>in</span> <span class='ocrx_word' id='word_1_117' title='bbox 571 2356 605 2396; x_wconf 89' lang='lat' dir='ltr'>se</span> <span class='ocrx_word' id='word_1_118' title='bbox 626 2335 756 2416; x_wconf 83' lang='lat' dir='ltr'>locique</span> <span class='ocrx_word' id='word_1_119' title='bbox 777 2345 875 2395; x_wconf 88' lang='lat' dir='ltr'>natu·</span> <span class='ocrx_word' id='word_1_120' title='bbox 899 2320 902 2325; x_wconf 42' lang='lat'>¹</span> 
     </span>
     <span class='ocr_line' id='line_1_20' title="bbox 49 2436 875 2523; baseline -0.004 -25"><span class='ocrx_word' id='word_1_121' title='bbox 49 2456 113 2499; x_wconf 75' lang='lat' dir='ltr'>ra:</span> <span class='ocrx_word' id='word_1_122' title='bbox 144 2457 286 2521; x_wconf 86' lang='lat' dir='ltr'>namque</span> <span class='ocrx_word' id='word_1_123' title='bbox 304 2440 406 2518; x_wconf 85' lang='lat' dir='ltr'>hujus</span> <span class='ocrx_word' id='word_1_124' title='bbox 421 2453 552 2523; x_wconf 89' lang='lat' dir='ltr'>partem</span> <span class='ocrx_word' id='word_1_125' title='bbox 572 2460 639 2501; x_wconf 88' lang='lat' dir='ltr'>non</span> <span class='ocrx_word' id='word_1_126' title='bbox 658 2436 806 2503; x_wconf 84' lang='lat' dir='ltr'>habebat</span> <span class='ocrx_word' id='word_1_127' title='bbox 823 2438 875 2496; x_wconf 89' lang='lat' dir='ltr'>vi-</span> 
     </span>
    </p>

    <p class='ocr_par' dir='ltr' id='par_1_13' title="bbox 31 2541 875 2626">
     <span class='ocr_line' id='line_1_21' title="bbox 31 2541 875 2626; baseline -0.005 -21"><span class='ocrx_word' id='word_1_128' title='bbox 31 2541 212 2605; x_wconf 79' lang='lat' dir='ltr'>·uesimam</span> <span class='ocrx_word' id='word_1_129' title='bbox 236 2544 392 2605; x_wconf 84' lang='lat' dir='ltr'>militum.</span> <span class='ocrx_word' id='word_1_130' title='bbox 433 2544 566 2626; x_wconf 78' lang='lat' dir='ltr'>Quibus</span> <span class='ocrx_word' id='word_1_131' title='bbox 585 2548 691 2607; x_wconf 83' lang='lat' dir='ltr'>frctus</span> <span class='ocrx_word' id='word_1_132' title='bbox 710 2541 875 2613; x_wconf 86' lang='lat' dir='ltr'>conflixit,</span> 
     </span>
    </p>

    <p class='ocr_par' dir='ltr' id='par_1_14' title="bbox 10 2648 872 2734">
     <span class='ocr_line' id='line_1_22' title="bbox 10 2648 872 2734; baseline -0.012 -19"><span class='ocrx_word' id='word_1_133' title='bbox 10 2664 14 2699; x_wconf 85' lang='lat'>&#39;-</span> <span class='ocrx_word' id='word_1_134' title='bbox 50 2649 391 2734; x_wconf 85' lang='lat' dir='ltr'>adversariorumque</span> <span class='ocrx_word' id='word_1_135' title='bbox 430 2654 535 2714; x_wconf 85' lang='lat' dir='ltr'>multa</span> <span class='ocrx_word' id='word_1_136' title='bbox 570 2652 676 2714; x_wconf 87' lang='lat' dir='ltr'>miIIIa</span> <span class='ocrx_word' id='word_1_137' title='bbox 713 2648 872 2719; x_wconf 79' lang='lat' dir='ltr'>concidit,</span> 
     </span>
    </p>

    <p class='ocr_par' dir='ltr' id='par_1_15' title="bbox 9 2753 915 3155">
     <span class='ocr_line' id='line_1_23' title="bbox 9 2753 875 2840; baseline -0.009 -23"><span class='ocrx_word' id='word_1_138' title='bbox 9 2762 15 2775; x_wconf 82' lang='lat'>&#39;</span> <span class='ocrx_word' id='word_1_139' title='bbox 49 2766 158 2839; x_wconf 77' lang='lat' dir='ltr'>quum</span> <span class='ocrx_word' id='word_1_140' title='bbox 178 2757 219 2816; x_wconf 86' lang='lat' dir='ltr'>de</span> <span class='ocrx_word' id='word_1_141' title='bbox 234 2757 342 2838; x_wconf 87' lang='lat' dir='ltr'>ipsius</span> <span class='ocrx_word' id='word_1_142' title='bbox 363 2762 509 2822; x_wconf 83' lang='lat' dir='ltr'>exercitu</span> <span class='ocrx_word' id='word_1_143' title='bbox 521 2779 587 2819; x_wconf 89' lang='lat' dir='ltr'>uon</span> <span class='ocrx_word' id='word_1_144' title='bbox 607 2758 749 2840; x_wconf 89' lang='lat' dir='ltr'>amplius</span> <span class='ocrx_word' id='word_1_145' title='bbox 763 2753 875 2815; x_wconf 77' lang='lat' dir='ltr'>homi.</span> 
     </span>
     <span class='ocr_line' id='line_1_24' title="bbox 48 2862 873 2943; baseline -0.007 -20"><span class='ocrx_word' id='word_1_146' title='bbox 48 2882 134 2923; x_wconf 88' lang='lat' dir='ltr'>num</span> <span class='ocrx_word' id='word_1_147' title='bbox 148 2862 241 2923; x_wconf 89' lang='lat' dir='ltr'>millc</span> <span class='ocrx_word' id='word_1_148' title='bbox 256 2862 442 2925; x_wconf 88' lang='lat' dir='ltr'>cecidisset.</span> <span class='ocrx_word' id='word_1_149' title='bbox 474 2864 582 2943; x_wconf 82' lang='lat' dir='ltr'>Quam</span> <span class='ocrx_word' id='word_1_150' title='bbox 600 2869 644 2928; x_wconf 89' lang='lat' dir='ltr'>ob</span> <span class='ocrx_word' id='word_1_151' title='bbox 664 2880 797 2926; x_wconf 90' lang='lat' dir='ltr'>causam</span> <span class='ocrx_word' id='word_1_152' title='bbox 810 2878 873 2941; x_wconf 86' lang='lat' dir='ltr'>po·</span> 
     </span>
     <span class='ocr_line' id='line_1_25' title="bbox 50 2962 874 3051; baseline -0.006 -24"><span class='ocrx_word' id='word_1_153' title='bbox 50 2978 143 3028; x_wconf 82' lang='lat' dir='ltr'>staro</span> <span class='ocrx_word' id='word_1_154' title='bbox 165 2968 219 3028; x_wconf 86' lang='lat' dir='ltr'>die</span> <span class='ocrx_word' id='word_1_155' title='bbox 235 2978 409 3049; x_wconf 85' lang='lat' dir='ltr'>tropaeum</span> <span class='ocrx_word' id='word_1_156' title='bbox 429 2969 561 3051; x_wconf 83' lang='lat' dir='ltr'>posuit,</span> <span class='ocrx_word' id='word_1_157' title='bbox 589 2988 654 3050; x_wconf 85' lang='lat' dir='ltr'>quo</span> <span class='ocrx_word' id='word_1_158' title='bbox 674 2968 746 3028; x_wconf 92' lang='lat' dir='ltr'>Ioco</span> <span class='ocrx_word' id='word_1_159' title='bbox 764 2962 874 3046; x_wconf 86' lang='lat' dir='ltr'>pridie</span> 
     </span>
     <span class='ocr_line' id='line_1_26' title="bbox 47 3066 915 3155; baseline -0.007 -24"><span class='ocrx_word' id='word_1_160' title='bbox 47 3082 238 3155; x_wconf 83' lang='lat' dir='ltr'>pugnatum</span> <span class='ocrx_word' id='word_1_161' title='bbox 257 3084 339 3133; x_wconf 89' lang='lat' dir='ltr'>erat.</span> <span class='ocrx_word' id='word_1_162' title='bbox 382 3074 467 3137; x_wconf 87' lang='lat' dir='ltr'>Hinc</span> <span class='ocrx_word' id='word_1_163' title='bbox 493 3094 595 3155; x_wconf 87' lang='lat' dir='ltr'>quum</span> <span class='ocrx_word' id='word_1_164' title='bbox 614 3086 724 3136; x_wconf 87' lang='lat' dir='ltr'>castra</span> <span class='ocrx_word' id='word_1_165' title='bbox 749 3066 915 3141; x_wconf 66' lang='lat' dir='ltr'>moris-d</span> 
     </span>
    </p>

    <p class='ocr_par' dir='ltr' id='par_1_16' title="bbox 10 3173 980 3376">
     <span class='ocr_line' id='line_1_27' title="bbox 10 3173 874 3263; baseline -0.007 -24"><span class='ocrx_word' id='word_1_166' title='bbox 10 3176 14 3181; x_wconf 79' lang='grc'><strong>’</strong></span> <span class='ocrx_word' id='word_1_167' title='bbox 49 3188 123 3249; x_wconf 82' lang='lat' dir='ltr'>set,</span> <span class='ocrx_word' id='word_1_168' title='bbox 162 3196 357 3260; x_wconf 84' lang='lat' dir='ltr'>semperque</span> <span class='ocrx_word' id='word_1_169' title='bbox 387 3178 529 3241; x_wconf 86' lang='lat' dir='ltr'>inferior</span> <span class='ocrx_word' id='word_1_170' title='bbox 557 3181 680 3263; x_wconf 88' lang='lat' dir='ltr'>copiis,</span> <span class='ocrx_word' id='word_1_171' title='bbox 721 3173 874 3257; x_wconf 81' lang='lat' dir='ltr'>superior</span> 
     </span>
     <span class='ocr_line' id='line_1_28' title="bbox 49 3282 980 3376; baseline 0.008 -33"><span class='ocrx_word' id='word_1_172' title='bbox 49 3282 209 3348; x_wconf 87' lang='lat' dir='ltr'>omnibus</span> <span class='ocrx_word' id='word_1_173' title='bbox 216 3282 354 3371; x_wconf 83' lang='lat' dir='ltr'>proeliis</span> <span class='ocrx_word' id='word_1_174' title='bbox 366 3284 563 3361; x_wconf 81' lang='lat' dir='ltr'>discederet,</span> <span class='ocrx_word' id='word_1_175' title='bbox 584 3286 674 3370; x_wconf 88' lang='lat' dir='ltr'>quod</span> <span class='ocrx_word' id='word_1_176' title='bbox 690 3298 871 3376; x_wconf 78' lang='lat' dir='ltr'>numquam</span> <span class='ocrx_word' id='word_1_177' title='bbox 974 3326 980 3339; x_wconf 54' lang='grc' dir='ltr'><em>ι</em></span> 
     </span>
    </p>
   </div>
   <div class='ocr_carea' id='block_1_4' title="bbox 0 0 1055 3676">
    <p class='ocr_par' dir='ltr' id='par_1_17' title="bbox 0 0 1055 3676">
     <span class='ocr_line' id='line_1_29' title="bbox 0 0 1055 3676; baseline 0 0"><span class='ocrx_word' id='word_1_178' title='bbox 0 0 1055 3676; x_wconf 95' lang='lat' dir='ltr'> </span> 
     </span>
    </p>
   </div>
  </div>
 </body>
</html>
