2100 3668
166 60 271 179 xxrr.
306 109 612 181 Hautchait.
651 129 734 192 aa..
837 130 894 200 ¹67
964 136 970 150 ’

10 340 31 385 5
66 314 146 358 rum
165 314 201 355 ee
217 296 329 376 potina
346 297 480 372 dixerit,
502 319 603 380 qnam
621 320 696 363 cum
713 311 805 364 tanto
830 303 895 366 fla·

10 408 46 485 5·-
67 402 153 483 gitio
176 402 311 462 domum
329 403 465 464 rediret.
508 404 585 464 Non
606 405 695 465 enim
717 427 796 470 snae
819 429 894 473 esee

10 498 31 605 5¹³
46 537 50 543 ·
66 507 217 578 virtutis,
239 526 332 568 arma
351 501 494 586 apatria
505 523 640 592 accepta
650 513 812 574 adversus
831 515 894 578 ho.

10 610 29 705 J
66 626 138 676 stes
158 612 358 674 adversariis
375 613 520 683 tradere.
565 616 673 695 Hujua
692 618 895 700 pertinaciae

10 714 29 913 q
66 720 171 783 ceeeit
187 717 338 788 Catulus,

149 933 192 991 At
211 929 288 1006 ille,
314 944 353 999 ut
373 928 609 1014 Carthaginem
630 934 741 1007 venit,
770 933 878 995 multo
896 935 930 997 11
1022 921 1025 925 ⁴

10 1088 18 1125 :
64 1035 178 1108 aliter,
201 1055 237 1097 ac
255 1040 423 1119 sperabat,
445 1040 687 1121 rempublicam
708 1059 744 1099 ae
763 1039 893 1104 haben·

16 1126 26 1179 3'
63 1157 136 1208 tem
155 1144 320 1224 cognovit.
363 1145 516 1226 Namque
543 1144 759 1204 diuturnitate
781 1158 892 1206 exter·

10 1186 30 1329 Ξ,
63 1251 101 1312 ni
124 1250 205 1327 mall
228 1260 358 1310 tantum
380 1249 506 1310 exarsit
527 1250 723 1310 intestinum
744 1251 891 1325 bellum,

15 1404 19 1419 .
62 1371 103 1420 ut
123 1374 305 1435 numquam
321 1355 396 1433 pari
410 1354 559 1435 periculo
580 1357 684 1416 suerit
711 1353 892 1436 Carthago,

23 1478 26 1485 '
63 1464 134 1525 niai
171 1481 274 1542 quum
304 1460 410 1522 deleta
437 1473 501 1529 eat,
554 1462 664 1521 Primo
692 1463 933 1538 mercenarii2

66 1568 204 1640 milites,
226 1567 283 1645 qui
301 1569 460 1628 adversus
479 1567 648 1631 Romanoa
667 1570 811 1641 lucrant,
834 1569 893 1628 de·

19 1728 25 1733 .
67 1672 255 1759 ¹reiverunt:
274 1692 416 1754 qnorum
429 1693 588 1734 numerus
604 1683 676 1735 erat
686 1673 804 1752 viginti
816 1672 892 1732 mil·

63 1778 162 1845 lium.
206 1778 249 1838 lli
268 1789 373 1839 totam
393 1781 629 1842 abalienarunt
645 1781 812 1851 Africam,
840 1766 893 1860 ipss.
990 1816 993 1821 -

65 1904 140 1945 eam
152 1880 391 1962 Carthaginem
404 1897 652 1965 oppugnarunt.
679 1886 809 1967 Quibus
822 1904 893 1945 ma·
913 1892 931 1956 5

63 1989 109 2053 lie
132 1990 215 2051 adeo
235 2003 313 2050 aunt
331 1989 433 2049 Poeni
447 1992 632 2071 perterriti,
652 2004 691 2052 ut
714 1992 814 2065 etiam
832 2010 891 2051 au-

64 2096 151 2158 xilia
172 2117 191 2158 a
209 2095 368 2159 Romania
386 2095 583 2176 petiverint,
607 2114 712 2176 eaque
732 2097 892 2178 impetra·

64 2202 149 2263 rint.
191 2201 257 2264 Sed
274 2216 435 2276 extremo,
456 2224 560 2284 quum
576 2181 681 2284 prope
693 2202 762 2277 jam
780 2201 823 2261 ad
833 2200 892 2260 de-

67 2307 295 2389 sperationem
312 2287 562 2390 pervenissent,
587 2295 810 2369 Hamilcarem
827 2306 891 2367 im·
956 2376 960 2381 ¹

63 2423 256 2496 peratorem
277 2416 438 2479 fecerunt.
488 2416 522 2474 Ie
555 2434 622 2474 non
645 2415 754 2475 colum
774 2412 933 2483 hostealr
998 2426 1022 2473 ’.

13 2550 19 2575 i
66 2538 87 2582 a
104 2520 209 2581 muria
224 2517 438 2600 Carthaginia
452 2520 606 2591 removit,
628 2539 732 2598 quum
746 2517 889 2597 amplius

66 2638 200 2690 centum
220 2624 329 2686 millia
349 2627 567 2687 lacta-essent
583 2612 808 2700 armatsorum3
831 2620 892 2681 aad

10 2716 24 2777 l
68 2735 173 2809 etiam
198 2752 235 2793 eo
263 2732 442 2814 compulit,
470 2743 528 2804 ut,
557 2730 708 2793 locorum
728 2725 891 2806 angustiis

68 2838 196 2912 clausi,
219 2826 334 2919 plnres
353 2839 452 2910 tame,
474 2857 574 2918 quam
593 2838 684 2897 ferro
704 2831 890 2894 interirent.

52 2925 194 3007 ¹Omnia
215 2944 338 3025 oppida
359 2944 561 3015 abalienata,
574 2945 611 3003 in
629 2942 683 3000 hia
695 2939 823 3030 Uticam
842 2944 893 2995 at·

69 3066 137 3132 que
149 3034 362 3129 Hipponem,
383 3049 614 3111 valentissima
629 3049 732 3109 totius
748 3041 890 3113 Africae,

69 3152 219 3218 recurrit
235 3153 375 3236 patriae.
415 3155 533 3238 Neque
555 3153 680 3218 coluit
703 3157 889 3220 contentus,
911 3156 930 3219 5
1007 3152 1029 3199 ’-

82 3282 94 3319 Ι
