2100 3668
157 202 159 207 ’
230 219 753 300 ιν,,,ΡΔυεΑΝιΑε.4.ς.
805 316 808 321 ι
867 238 908 303 aa

90 410 213 483 violari
232 410 326 469 nefas
348 419 466 490 putant
486 405 615 471 Graeci
658 407 706 470 Eo
733 409 791 469 ille
809 410 913 473 index

92 517 265 598 confugit3
294 516 328 575 in
347 513 582 577 araconsedit.
625 511 718 576 Hanc
741 515 835 591 iuxta
858 517 910 578 loa

93 644 168 686 oum
188 622 339 682 fecerunt
364 621 553 692 subterra,
574 637 614 680 er
634 640 699 699 quo
717 618 839 702 po'sset
852 643 910 684 au-

96 727 178 799 diri,
211 725 241 784 si
255 725 337 806 quis
355 726 437 807 quid
457 727 651 821 loqueretur
676 732 749 788 curn
770 729 910 808 Argilio.

95 832 167 894 Huc
186 852 227 894 ex
248 831 381 912 ephoris
401 830 539 912 quidam
550 832 804 919 descenderunt.
828 833 911 894 Pau·
931 842 951 905 5

95 939 229 1012 sanias,
251 949 288 997 ut
309 936 454 1009 audivit,
470 936 640 1014 'Argilium
663 938 852 1018 confugisse
877 940 912 999 in

96 1064 206 1117 aram,
234 1021 448 1124 perturbatus
475 1042 564 1103 venit
584 1061 634 1103 eo.
677 1042 785 1124 Quem
809 1048 912 1125 qrium

97 1151 281 1233 supplicem
313 1149 378 1208 Dei
408 1146 534 1209 videret
567 1150 602 1209 in
634 1169 692 1210 ara
720 1152 915 1226 sedentem,

97 1255 247 1338 quaerit,
269 1253 541 1332 causaequidsit
554 1257 811 1337 tam-repentino
833 1279 914 1319 con·
1008 1276 1010 1280 ⁴

97 1362 185 1422 silio.
229 1359 313 1420 Huic
332 1359 408 1431 ille,
430 1359 511 1438 quid
533 1379 577 1436 er.
592 1361 714 1423 litteris
731 1365 913 1444 comperis·
994 1401 997 1405 .

98 1480 161 1539 set,
178 1465 296 1546 aperit.
340 1466 442 1526 Modo
461 1466 567 1544 mugio
585 1464 912 1551 Pausaniasgaertur·
932 1476 953 1540 6

95 1573 196 1637 batus
212 1589 308 1631 orare
331 1570 458 1650 coepit,
489 1587 530 1628 no
548 1570 757 1644 enuntiaret,
778 1595 839 1637 neo
862 1595 911 1649 se,

56 1714 59 1725 ·
95 1678 254 1743 meritum
280 1675 320 1735 de
342 1673 400 1732 illo
426 1673 575 1752 optime,
605 1675 798 1761 proderets·
817 1678 920 1760 Quod

96 1785 124 1844 si
144 1776 365 1859 eamyveniam
390 1777 455 1843 sibi
475 1778 643 1853 dedisset,
665 1780 916 1864 tantisqueim·

94 1887 374 1971 plicatumnebus
392 1881 613 1962 sublevasset,
634 1888 806 1968 magno²ei
816 1900 914 1972 praua

95 1994 164 2055 mio
180 1993 345 2065 tusurmn,
373 2038 377 2051 .

177 2199 238 2263 His
256 2204 355 2266 rebus
373 2200 492 2283 ephori
503 2200 642 2282 cognitis
656 2199 759 2263 satius
776 2200 955 2285 putare-V

96 2322 187 2383 runt,
209 2311 243 2368 in
261 2310 345 2370 urbe
365 2324 438 2395 euni
453 2305 799 2391 conprehendimus
813 2329 916 2391 quum

97 2396 213 2476 essent
225 2414 387 2496 profecti,
417 2425 450 2474 et
467 2414 670 2489 Pausanias,
701 2414 831 2495 placato
850 2420 913 2475 Ar-

98 2521 198 2604 gilio,
228 2532 266 2581 ut
280 2522 439 2600 putabat,
461 2519 744 2608 Lacedaemonem
766 2530 914 2579 reverte-

95 2637 214 2704 retur3
246 2625 280 2682 in
300 2624 437 2698 itinere,
468 2644 569 2704 quum
591 2624 661 2700 jam
688 2625 723 2684 in
749 2645 787 2686 eo
811 2634 914 2698 esset,

96 2736 135 2789 nt
161 2727 516 2808 comprehenderetis,
548 2750 589 2790 ex
616 2731 712 2807 vultu
741 2731 917 2806 cujusdam
982 2736 989 2755 ⁸

96 2834 236 2916 ephori,
265 2834 322 2918 qui
344 2813 418 2896 euin
433 2837 613 2899 adrncnere
633 2835 806 2916 cupiebat,
832 2829 915 2895 insi-

97 2941 170 3002 dias
182 2939 246 3004 sibi
263 2937 339 3004 fieri
355 2938 531 3002 intellexit.
574 2941 692 3022 ltaque
708 2941 823 3021 paucis
836 2951 915 3000 ante
933 2949 955 3010 2

97 3045 277 3126 gradibus,
299 3067 399 3130 quam
419 3047 476 3127 qui
491 3044 728 3128 sequebantur,
742 3046 778 3106 in
796 3045 913 3106 aedem

96 3151 289 3225 Minervae,
311 3170 395 3233 quae
411 3149 591 3232 χαλκίοικος
609 3161 766 3224 vocatur,
796 3149 913 3213 confu-

96 3256 155 3336 git.
199 3256 282 3321 Hinc
310 3275 353 3320 ne
371 3257 460 3319 exire
482 3267 618 3338 posset,
653 3255 767 3319 statim
793 3237 941 3338 ephori
