2100 3668
127 224 186 292 ttt
217 219 268 296 rr
290 219 416 279 xvttr.
451 184 834 293 ruminanda.
930 246 935 265 ..

124 403 206 486 poni
230 401 368 481 indigne
397 399 571 480 ferebant3
604 394 712 480 neque
737 411 849 461 tamen
875 398 930 468 aar,
953 398 986 472 't

127 508 351 591 patiebantur,
395 505 559 567 vincebat
584 503 673 565 enim
703 522 819 565 omues
849 514 931 575 curt,
983 536 987 574 1

128 613 324 695 vigilantia,
355 610 532 693 patientia,
554 609 735 671 calliditate
775 621 809 671 et
831 609 936 671 celeri·

89 730 111 793 Δ
129 730 196 780 tate
211 715 350 797 ingenii.
382 714 443 775 Hic
460 715 791 795 peradulescentulus
808 716 851 778 ad
868 713 940 777 arui·

131 812 242 885 eitiatn
255 818 395 882 accersit
410 817 572 903 Philippi,
593 827 757 901 Amyntae
770 819 863 893 Jfltii.
872 822 941 884 bre·

130 930 230 1008 vique
250 937 400 1006 tempore
414 927 450 985 in
464 927 617 989 intimam
631 927 784 1010 pervenit
804 925 944 989 familia·
971 982 974 993 ,

129 1034 273 1094 ritatem.
315 1031 481 1110 Fulgebat
495 1032 673 1108 enirnjam
690 1032 733 1092 in
754 1031 964 1109 adolescer-⁴

90 1155 110 1215 5
129 1137 199 1199 tulo
211 1137 343 1198 indoles
360 1137 505 1198 virtutis.
531 1139 665 1218 -ltaque
680 1155 756 1199 eum
770 1136 893 1201 hahuit
910 1135 947 1197 ad

131 1261 266 1303 manum
301 1243 431 1304 scribae
466 1243 561 1304 loeo:
601 1244 692 1325 quod
722 1242 829 1304 multo
858 1241 968 1324 apud‘

132 1348 252 1427 Graios
269 1347 544 1429 honorificentiae
565 1360 634 1422 est,
657 1366 757 1429 quam
769 1350 869 1441 ³apud
885 1348 950 1433 ¹Rc·
965 1378 968 1385 ·
985 1332 987 1401 ἶ

130 1474 260 1516 manos.
303 1457 391 1516 Nam
410 1455 500 1535 apud
514 1471 595 1524 nos,
617 1471 738 1516 revera
757 1434 845 1518 sicut¹
867 1468 950 1528 sunt,

130 1559 329 1619 mercenarii
357 1559 486 1620 scribae
513 1542 767 1639 existimantur3
783 1620 789 1637 ,
806 1574 840 1621 at
868 1562 952 1644 apud

131 1665 210 1725 illos
233 1665 436 1729 econtrario
467 1682 566 1724 nemo
588 1666 631 1724 ad
659 1665 695 1725 id
720 1665 873 1727 officium
899 1668 951 1728 ad·

130 1770 291 1842 mittitur,
322 1766 546 1829 nisihcnesto
570 1768 664 1841 loco,
695 1782 728 1830 et
752 1769 818 1830 lide
844 1781 879 1830 et
906 1771 951 1829 in·

134 1877 264 1936 dustria
283 1874 433 1952 cognita:
467 1875 557 1954 quod
572 1892 709 1935 trecenae
729 1887 781 1936 cst
807 1878 949 1938 omniun

91 1985 112 2050 6
132 1980 351 2043 consiliorum
368 1999 442 2038 eum
453 1996 527 2037 esee
543 1979 754 2062 participem.
797 1979 897 2043 Hunc
908 1982 946 2043 lt·

133 2106 208 2148 cum
234 2085 344 2146 tenuit
374 2083 536 2145 amicitiae
564 2086 653 2166 apud
677 2082 872 2168 Philippum
899 2106 947 2148 att·

131 2210 194 2251 noe
216 2201 356 2271 septem.
400 2186 464 2252 Illo
484 2189 686 2265 interfecto„
710 2192 829 2252 eodem
847 2188 950 2273 gra&

121 2296 199 2359 ¹fuit
212 2297 303 2379 apud
321 2295 550 2358 Alexandrum
563 2315 667 2374 annot
680 2298 853 2360 tredecim.
885 2298 949 2359 No·

132 2402 270 2465 riraima
279 2413 429 2485 tempore
441 2404 587 2484 praefuit
601 2403 702 2464 etiam
719 2405 845 2467 alterae
859 2406 949 2487 equi·

131 2519 206 2569 tum·
233 2508 324 2582 alae,
363 2527 448 2588 quae
491 2490 665 2569 Hetaerice
704 2504 948 2591 appellabatur.

131 2614 272 2694 Utrique
291 2623 401 2674 autem
418 2613 608 2674 incoctilia
631 2590 763 2696 semper
784 2618 951 2693 efrain-er

132 2719 281 2780 omnium
296 2736 409 2779 rerum
428 2716 564 2782 habitus
591 2729 643 2779 eet
656 2719 838 2808 particeps.

90 2927 125 2988 11
205 2926 398 2990 Alexandro
416 2927 591 3006 Babylone
609 2941 761 3006 mortuo,
784 2953 951 3014 quumre.

51 3108 59 3117 .
133 3054 199 3118 gna
213 3035 359 3116 ¹singulis
384 3035 607 3100 familiaribus
630 3036 903 3121 dispertirentur,
921 3051 952 3102 et

131 3161 262 3202 aumma
283 3161 397 3221 rerpm
414 3141 539 3208 tradita
561 3152 650 3202 estet
676 3144 801 3204 tuenda
828 3145 949 3220 eidem,

130 3247 185 3319 cui
205 3246 394 3314 Alexander
419 3247 566 3315 moriens
588 3247 749 3311 annulum
772 3266 872 3314 tuum
892 3252 949 3314 de·

305 3468 325 3503 0
