2100 3668
182 214 242 276 142
338 199 467 260 xvm.
495 194 768 261 rennues.
797 210 830 273 ι,
852 206 884 272 5.

180 402 224 443 cx
245 382 318 443 acie
345 382 544 443 semivirum
571 381 716 452 elatum,
749 398 904 442 rectene
927 388 1005 439 stu-

180 489 266 550 duit.
306 487 421 569 Quum
443 489 482 548 id
506 506 574 546 non
597 497 733 567 posset,
747 498 823 566 'pro
852 482 995 545 homini·

181 594 363 674 dignitate,
391 611 519 675 proque
535 593 683 674 pristina
714 588 994 667 initimum
1035 618 1040 650 l

182 721 249 780 que
260 701 321 760 illo
337 720 420 760 usus
439 709 528 771 erat,
556 699 749 761 Alexandro
776 717 876 769 uro,
903 692 991 756 sami·
1033 719 1040 756 u

183 806 294 867 liniu
276 809 330 886 er)
355 804 467 885 amplo
485 805 606 865 sunere
625 804 767 877 extulit,
796 818 942 882 ossaque
964 797 992 857 iu
1036 807 1040 858 l

185 911 419 972 Macedoniam
434 913 535 971 uxori
562 931 636 987 qus
654 930 693 971 ae
709 910 826 972 liberis
839 905 979 969 remisit.

144 1119 176 1180 V
255 1120 345 1184 llaec
373 1121 453 1180 dnm
481 1119 572 1200 apud
597 1120 856 1203 Hellespontum
882 1131 997 1195 gerun-

181 1236 261 1298 tur,
292 1227 468 1288 Perdiccas
486 1226 578 1307 apud
594 1224 721 1285 flumen
737 1224 857 1287 Nilum
876 1215 1000 1281 interfi-

184 1333 271 1395 citur
300 1355 320 1395 a
350 1331 488 1392 Seleuco
525 1343 561 1390 et
586 1329 780 1409 Antigon03
825 1341 1001 1406 rerumque

183 1457 318 1499 summa
336 1439 381 1498 ad
398 1438 610 1517 Antipatrum
636 1433 797 1493 deseruit.
838 1431 924 1504 llis,
952 1427 1004 1511 qui
1026 1438 1040 1515 'g

184 1542 423 1614 deseruerant,
464 1540 612 1600 exercitu
640 1540 840 1620 suffragium
861 1539 1003 1606 ferente,
1038 1522 1040 1527 ⁵

185 1647 304 1729 cupitis
323 1650 481 1709 absentes
502 1646 725 1705 damnantur:
758 1645 794 1703 in
814 1642 871 1703 bia
887 1642 1004 1703 Eune·

185 1772 259 1813 nes.
300 1752 372 1813 Hac
393 1751 452 1811 ille
473 1769 654 1833 percussus
679 1750 782 1830 plaga
800 1769 872 1811 non
891 1766 1005 1817 suoru

180 1848 279 1930 buit,
311 1875 419 1938 neque
439 1874 478 1915 eo
503 1855 612 1917 secius
639 1855 768 1918 bellum
791 1855 1004 1918 administra·

195 1963 255 2023 vit.
299 1961 367 2023 Sed
390 1960 495 2021 exiles
520 1981 577 2021 res
603 1962 708 2023 animi
732 1959 1000 2043 magnitudinem

190 2067 256 2129 etsi
288 2087 356 2126 non
391 2067 611 2148 frangebant,
661 2080 774 2128 tamen
801 2065 999 2128 minuebant.

147 2173 286 2234 2llunc
320 2191 525 2254 persequens
543 2175 750 2254 Antigonus,
782 2191 887 2256 quum
918 2163 1005 2230 omi

188 2297 312 2358 genere
340 2279 512 2361 copiarum
538 2280 745 2354 abundaret,
773 2296 873 2360 saepe
895 2276 934 2336 in
954 2272 1004 2335 ἐπ’·

186 2383 325 2445 neribus
340 2388 542 2448 vexabatur:
569 2404 678 2467 neque
693 2405 852 2466 umquam
869 2381 915 2443 ad
933 2398 1004 2443 rna-

189 2507 271 2547 num
288 2491 445 2551 accedere
467 2493 609 2564 licebat,
638 2490 778 2553 nisibis
801 2489 904 2562 locis,
933 2484 1005 2569 qui·

151 2594 255 2662 zbus
282 2594 381 2675 pauci
412 2596 527 2657 multis
554 2608 698 2678 possent
722 2598 891 2658 resistere.
945 2589 1008 2652 Sed

193 2712 345 2761 extremo
365 2712 537 2783 tempore,
561 2723 664 2783 quum
684 2703 827 2764 consilio
845 2700 922 2782 capi
941 2718 1007 2759 non

188 2818 326 2885 posset,
347 2807 560 2868 multitudine
581 2807 824 2868 circumventus
840 2817 904 2866 est.
926 2802 1009 2863 Hine

186 2920 318 2984 tamen,
351 2910 465 2971 multis
486 2912 556 2971 suis
585 2913 741 2987 amissis,
772 2932 809 2974 ae
829 2909 1008 2992 expedivit,

192 3015 277 3075 etin
307 3016 484 3079 castellum
502 3017 688 3097 Phrygiae,
719 3020 810 3099 quod
835 3019 930 3081 Nora
952 3038 1010 3101 ap·

154 3118 359 3201 Apellam,
389 3123 551 3203 confugit.
598 3122 637 3182 ln
661 3143 727 3204 quo
747 3144 850 3205 quum
870 3124 1010 3186 circurn-

60 3224 386 3432 “pedorum
416 3242 451 3291 et
475 3239 666 3304 vereretur,
695 3247 738 3290 ne
764 3249 829 3293 uno
848 3230 924 3295 loco
940 3249 1010 3293 rna·
