2100 3668
196 231 254 298 132
345 180 453 279 xvn.
486 208 809 280 noesttauu
832 226 864 292 t·

197 413 287 468 esset
303 400 479 476 exercitui,
500 402 745 483 maximamque
766 397 911 471 haberet
929 400 1013 465 fidu·

141 494 145 501 ²
194 510 280 575 ciam
294 507 390 589 regni
408 506 585 570 Persarum
601 507 766 590 potiundi,
787 517 883 568 tanta
901 508 1013 568 mode·

196 618 260 678 etia
280 615 374 705 dietox
384 615 522 678 audiens
539 616 603 675 fuit
615 601 722 689 jussis⁴
738 612 933 675 absentium
947 618 1012 674 ma*

195 720 415 802 gistratuum,
436 730 474 780 ut
495 721 524 779 si
541 721 691 803 privatus
712 720 746 777 in
766 716 900 778 comitio
928 727 1010 776 esset
1049 730 1050 733 ’

193 832 345 914 Spartae.
389 825 491 902 Cujus
512 826 703 907 exemplum
722 822 1009 923 utinam‘impera·

194 949 283 998 tores
298 934 404 996 nostri
420 926 729 1019 aequitvoluissent!
752 924 908 990 Setlillue
920 928 1009 987 rede·

154 1055 173 1118 3
195 1061 301 1107 amus.
337 1038 515 1120 Agesilaus
527 1023 784 1121 opulentissimo
801 1050 904 1115 regno
918 1048 1009 1115 prae·
1049 1078 1050 1113 3

192 1149 307 1233 posuit
317 1147 441 1210 bonam
455 1142 748 1217 existimationem,
760 1144 931 1225 multoque
944 1138 1009 1223 glo·
1049 1132 1050 1150 ³

176 1250 317 1315 'riosius
337 1251 443 1322 duxit,
467 1251 495 1310 si
513 1250 676 1314 institutis
690 1246 820 1331 patriae
833 1248 1007 1329 paruisset,

153 1378 173 1444 4
193 1377 293 1441 quam
313 1357 342 1418 si
355 1356 445 1418 hello
461 1350 654 1438 superassel
665 1356 792 1418 Asiam.
824 1354 896 1429 Hae
912 1340 1008 1433 igitur

106 1489 114 1512 ι
192 1475 302 1531 mente
321 1458 583 1544 ¹Hellespontum
603 1462 715 1544 'copias
735 1459 885 1536 trajeci-t,
906 1469 1008 1520 tanta-

190 1586 258 1653 ‘que
272 1587 354 1630 usus
369 1578 421 1628 est
433 1560 613 1643 celeritate,
634 1572 683 1642 ut,
705 1565 872 1648 qualiter
887 1558 1008 1626 Xerxes

194 1674 279 1738 anno
301 1658 448 1736 vertente
468 1676 672 1744 confecerat,
694 1671 748 1735 hio
766 1670 941 1739 transierit
955 1666 1008 1731 tri·

155 1784 287 1865 5ginta
319 1780 451 1841 diebus.
503 1778 615 1859 Quum
641 1779 710 1852 jam
731 1776 822 1839 haud
845 1776 894 1837 ita
915 1776 1007 1856 longe

144 1941 149 1947 .
195 1877 333 1950 abesset
352 1904 370 1944 a
389 1883 642 1964 Peloponneso,
665 1872 831 1949 obsistere
853 1883 885 1943 ei
907 1880 1007 1949 conati

196 2001 275 2052 aunt
296 1988 517 2052 Athenienses
544 2000 577 2050 et
596 1968 934 2070 Boeotii,'eeterique
960 2004 1002 2050 et·

194 2115 269 2157 rum
300 2095 401 2166 socii,
434 2094 521 2175 apud
551 2080 755 2154 Coroneam}
789 2098 873 2172 quos
898 2108 1003 2157 omnes

156 2204 176 2270 6
197 2199 290 2279 gravi
302 2198 431 2280 proelio
451 2198 539 2259 vicit.
570 2198 689 2275 'Hujus
703 2196 859 2260 victoriae
872 2198 928 2258 vel
943 2217 1005 2260 ma·

196 2305 288 2365 xima
305 2305 368 2365 luit
384 2305 471 2378 laus,
493 2284 594 2385 quod,
617 2323 719 2384 quum
730 2303 882 2384 plerique
901 2323 942 2365 ex
960 2304 1004 2365 tu·

199 2428 241 2490 ga
270 2409 363 2469 sein
389 2410 550 2491 templum
577 2408 748 2470 Minervae
774 2409 1004 2484 conjecissent,

199 2527 481 2596 quaerereturque
501 2520 542 2579 ab
563 2535 614 2588 eo,
636 2512 716 2595 quid
736 2511 790 2575 his
803 2513 877 2575 lieri
895 2512 1006 2585 vellet,

199 2621 263 2680 etsi
280 2616 405 2699 aliquot
422 2618 559 2681 vulnera
577 2630 749 2701 acceperat
765 2639 802 2678 eo
816 2614 960 2698 proelio,
980 2612 1024 2689 et'¹

186 2723 305 2786 'iratus
324 2724 500 2787 videbatur
519 2724 694 2797 omnibus,
717 2724 774 2804 qui
787 2723 948 2784 adversus
962 2736 1008 2785 ar·

199 2846 255 2889 ma
265 2830 422 2917 tulerant,
436 2824 548 2889 tamen
559 2828 713 2889 antetulit
722 2826 792 2889 irae
803 2827 1008 2909 religionem,

161 2936 180 2999 7
202 2944 235 2993 et
262 2952 318 2995 eos
344 2934 449 2996 vetuit
469 2932 599 2994 violari.
641 2932 758 3017 Neque
777 2953 854 2993 vero
871 2929 938 2996 hoo
960 2952 1009 2993 so·

198 3036 270 3096 lum
298 3038 332 3097 in
363 3038 501 3123 Graecia
531 3038 626 3107 feeit,
654 3047 692 3097 ut
722 3037 846 3118 templa
876 3038 1011 3100 deorum

137 3156 142 3163 ·
200 3152 316 3202 sancta
340 3140 500 3223 haberet3
532 3142 591 3202 sed
620 3140 719 3202 etiam
740 3138 832 3223 'apud
852 3143 1011 3207 barbaros

111 3332 117 3341 .
204 3266 334 3310 summa
358 3247 519 3329 religione
541 3241 657 3309 omnia
673 3246 851 3311 simulacra
873 3262 1014 3330 arasque
