2100 3668
175 228 308 311 xviri.
338 222 606 325 sunau-es.
628 244 659 307 2.
681 239 712 305 3,
810 240 886 314 ,39

10 412 12 417 ’
61 416 178 488 derat,
207 411 404 474 Perdiccaet
428 430 472 472 ex
499 432 565 493 quo
596 396 711 475 omnes
734 419 925 493 conjece-2

61 533 156 595 rant,
189 539 265 579 eum
281 536 423 598 regnum
444 518 474 577 ei
492 522 756 595 commendasse,
771 523 883 603 quoad

61 629 163 693 liberi
184 627 257 701 ejus
278 624 313 685 in
341 642 436 683 suam
462 624 600 686 tutelam
630 629 883 708 pervenissent:
938 664 942 671 ·

63 735 227 816 (aberant
245 731 340 791 enirn.
354 728 511 791 Craterus
536 742 569 791 et
591 733 783 813 Antipater,
825 735 884 816 qui

62 841 259 905 antecedere
279 835 369 896 hunc
387 834 607 900 videbanturt
639 852 790 900 mortuus
809 822 881 901 erat

60 944 290 1031 Hephaestio,
312 963 411 1025 quem
429 964 533 1004 unum
556 946 763 1018 Alexander,
794 948 885 1026 qnod
908 932 910 937 ’

61 1052 162 1116 facile
198 1050 343 1132 intelligi
363 1061 497 1132 posset,
542 1054 681 1132 plurimi
719 1052 905 1133 fecerat);·'

59 1158 127 1220 hoc
145 1170 296 1239 tempore
318 1159 395 1219 data
415 1169 467 1218 est
493 1156 634 1219 Eumeni
653 1157 881 1239 Cappadocle,

60 1265 133 1325 sive
149 1264 262 1345 potius
276 1263 376 1325 dicta.
419 1264 506 1324 Nam
516 1263 630 1323 tumin
651 1263 799 1325 hostium
812 1254 884 1325 erit

56 1381 240 1454 potestate.
283 1369 379 1428 Hunc
398 1366 464 1431 sibi
484 1367 655 1432 Perdiccas
683 1371 923 1448 adjunxerat&

57 1493 183 1555 magno
208 1476 340 1549 studio,
380 1475 471 1554 quod
493 1477 530 1534 in
555 1476 690 1537 homine
721 1476 884 1537 fidemet

57 1579 264 1643 industriam
281 1599 436 1660 magnam
454 1579 606 1644 videbat:
628 1604 695 1642 non
712 1582 881 1654 dubitans,
980 1663 982 1667 y

63 1684 92 1745 ti
116 1703 195 1745 eum
218 1687 435 1767 pellexisset,
474 1705 594 1765 magno
619 1688 697 1746 usui
725 1687 797 1746 fore
817 1684 883 1747 sibi

61 1788 94 1851 in
118 1789 173 1855 llis
201 1793 321 1864 rebus,
355 1811 438 1872 quas
468 1794 663 1872 apparabat.
707 1791 883 1872 cogitabat

58 1897 171 1970 enirn,
200 1899 292 1978 'quod
315 1899 385 1959 fere
406 1917 523 1960 omnes
550 1899 585 1958 i'n
608 1891 759 1978 magnis
774 1898 883 1978 impe·

56 2001 119 2062 riis
136 2005 385 2084 concupiscunt,
408 2006 559 2066 omnium
577 2018 690 2087 partes
713 2003 882 2085 corripere

58 2118 160 2189 atque
184 2109 370 2190 complecti.
416 2108 531 2189 Neque
552 2112 641 2172 vero
655 2108 720 2171 hoc
743 2108 809 2169 ille
827 2116 923 2182 sot

56 2210 114 2295 ins
136 2212 232 2286 lecit,
269 2215 329 2276 sed
357 2211 460 2276 ceteri
492 2232 623 2294 quoque
652 2234 787 2289 omnes,
809 2215 891 2295 ¹qni'
998 2236 1010 2269 a

25 2320 29 2339 ¹
57 2317 531 2382 Alexandrlluerant-amiei.
575 2318 703 2378 Primus
729 2303 882 2406 Leonna·

57 2434 115 2484 tus
137 2424 371 2488 Macedoniam
383 2443 627 2508 praeoccupare
643 2425 880 2486 destinaverat.

59 2526 123 2589 Hir
139 2529 254 2590 multis
272 2532 469 2613 magnisque
488 2531 784 2613 pollicitationibus
804 2548 881 2612 per-

58 2635 203 2695 suadere
221 2635 365 2698 Eumeni
383 2637 529 2712 studuit,
561 2650 597 2699 ut
613 2637 803 2699 Perdiccam
823 2635 882 2695 de·

58 2751 201 2813 sereret,
223 2763 260 2804 ac
274 2762 386 2804 secum
399 2743 524 2805 faceret
534 2743 737 2805 societatem.
768 2739 879 2820 Quum
900 2743 919 2809 5

23 2874 25 2881 ι
55 2845 241 2925 perducere
267 2858 343 2911 enm
359 2870 425 2910 non
450 2860 585 2931 posset,
618 2845 805 2908 interficere
824 2864 879 2905 co-

56 2958 158 3010 natus
182 2961 252 3033 est3
280 2954 312 3016 e't
327 2955 491 3030 fecisset,¹
507 2955 577 3015 nisi
594 2954 652 3015 ille
677 2952 762 3014 clam
776 2961 877 3013 noctu

56 3072 100 3117 ex
120 3057 299 3140 praesidiis
321 3061 393 3138 ejus
416 3062 600 3141 effugisset.
654 3071 658 3080 “

139 3261 278 3337 Interim
297 3271 443 3337 conflata
457 3282 537 3338 sunt
555 3270 615 3335 illa
632 3270 742 3349 bella,
763 3274 848 3355 qnae
860 3266 911 3339 111
971 3363 983 3371 μ
