2100 3668
185 138 188 143 Α
222 122 253 153 ,«
820 102 832 161 ι
886 112 893 127 ·“

232 210 310 271 ιιι.
340 179 796 287 aestumasset.
871 222 910 286 ιι
945 176 948 183 ’

89 388 224 458 olorum
254 396 419 455 victorias·
440 393 556 475 eulpae
572 434 574 439 -
589 408 670 479 suaq
698 395 911 473 tribuebant,
972 432 975 437 ·

97 503 183 577 quod
203 500 306 564 talem
337 500 446 560 virum
479 516 495 557 e
527 500 660 561 civitate
691 501 913 581 expulissent.

101 604 209 688 Neque
230 611 266 671 id
288 609 359 669 sinc
389 625 490 669 causa
516 606 675 669 arbitrari
693 588 921 691 videbanturs

107 711 185 774 Nam
194 726 374 798 postquam
395 713 723 811 exercituipraeesse
745 728 914 797 coeperat,

109 836 201 901 neque
222 834 323 894 terra,
345 840 453 901 neque
471 819 557 880 mari
577 818 693 879 hostes
716 838 815 901 pares
840 839 915 894 esse

107 938 282 1004 potuerant.
339 926 401 987 Hic
430 938 468 985 ut
497 944 515 985 e
544 919 622 985 navi
653 944 810 1005 egressus
842 940 913 1002 est,
936 935 979 1000 5-

108 1051 293 1116 quamquam
312 1031 540 1094 Theramenes
559 1047 591 1093 et
601 1030 836 1109 Thrasybulus
850 1037 916 1095 eis-

109 1137 169 1215 derp
189 1144 290 1203 rebus
313 1142 543 1221 praefuerant,
564 1138 731 1218 simulque
753 1154 916 1224 venerant

108 1242 135 1302 in
153 1246 345 1327 Piraeeum3
390 1258 503 1307 tamon
536 1243 634 1303 illum
664 1265 768 1304 unum
798 1267 959 1308 omnes

106 1352 401 1433 prosequebantur,
425 1363 473 1426 et,
496 1351 533 1410 id
548 1318 639 1430 quod
655 1370 837 1431 numquam
856 1376 915 1417 an-

106 1466 222 1519 teausu
243 1468 381 1518 venerat
389 1497 400 1528 ,
414 1456 503 1515 nisi
499 1455 696 1535 Olympiae
714 1456 916 1538 victoribus,

108 1565 223 1630 coronis
245 1564 356 1623 aureis
382 1561 566 1639 aeneisque
588 1562 687 1640 vulgo
712 1565 914 1628 donabatur.

108 1664 155 1728 Ille
173 1667 481 1730 lacrimanstalem
501 1668 770 1752 benevolentiam
781 1645 916 1752 ‘civium
947 1664 949 1671 ’
999 1678 1002 1685 “

69 1814 72 1819 ·
110 1772 915 1861 tuorumaccipiebat,reminiscenspristinitcm·
992 1764 995 1769 Δ

107 1881 440 1957 porisacerbitatem.
484 1879 667 1960 Postquam
698 1893 774 1942 astu
806 1885 961 1960 venitffl'

108 1976 250 2049 concione
273 1987 433 2046 advocata
452 1968 501 2044 sic
518 1989 622 2048 verba
638 1986 736 2055 fecit,
758 1995 796 2047 ut
817 2006 916 2048 nemo

107 2096 268 2154 temlerus
291 2091 413 2163 suerit,
437 2090 517 2170 quin
537 2092 610 2167 ejus
628 2111 744 2170 casum
759 2091 917 2168 lacrima·

107 2193 152 2268 rit,
170 2201 407 2279 inimicumque
429 2196 483 2257 his
504 2215 539 2259 se
552 2192 753 2268 ostenderit,
772 2218 918 2279 ¹quorum
1015 2221 1016 2224 ¹

109 2316 195 2379 opera
220 2305 331 2387 patria
354 2304 474 2386 pulsus
500 2306 631 2377 suerat7
653 2303 808 2384 proinde
832 2323 868 2366 ac
890 2305 921 2365 si
1013 2338 1015 2347 ·

73 2418 76 2427 ·
108 2403 181 2472 alius
198 2404 368 2511 populus,
398 2407 571 2470 nonille
557 2430 654 2492 ipse,
677 2408 735 2490 qui
758 2419 829 2468 tum
855 2407 917 2469 sse·

62 2555 65 2559 -
106 2504 169 2589 bat,
200 2539 277 2578 eum
305 2514 470 2596 sacrilegii
495 2517 701 2579 damnasset
751 2513 923 2576 Restituta
940 2519 960 2587 5
984 2519 1000 2538 ·’

108 2628 173 2696 ergo
192 2621 294 2685 huic
290 2634 374 2682 sunt
389 2621 522 2703 publice
546 2627 658 2704 bona3
680 2623 850 2722 iidemque
867 2619 959 2682 illi

107 2713 317 2812 Eumolpidae
329 2728 647 2815 sacerdotesrursus
657 2719 831 2788 resacrare
844 2737 923 2787 sunt
1026 2752 1031 2765 ¹

107 2836 213 2909 coacti,
232 2836 383 2917 quicum
400 2834 626 2915 devoverant3
654 2834 810 2915 pilaeque
829 2826 959 2906 illae,
965 2888 967 2893 ,

105 2921 268 3018 inquibus
298 2940 432 3003 devotio
463 2942 575 3001 fuerat
598 2938 742 3020 scripta,
773 2940 810 2999 in
830 2957 926 3000 marc
964 2950 972 2961 '

106 3045 348 3128 praecipitatae.

107 3210 123 3315 ι
179 3252 269 3320 Haec
285 3258 453 3322 Alcibiadi
467 3257 599 3321 laetitia
616 3274 684 3317 non
702 3252 802 3317 nimis
823 3246 966 3317 saitvlt
1036 3350 1037 3355 γ
