2100 3668
189 220 219 282 1.
247 198 566 281 murrinis.
596 223 715 291 stt-7·
826 202 868 296 ss

10 456 15 474 4
74 401 166 477 duxit,
192 404 426 485 proeliumque
441 399 615 463 commisit.
659 399 699 458 ln
714 418 779 478 quo
795 392 868 462 tan·
889 409 908 475 5

14 488 23 527 Ἰ
66 508 182 591 trplus
211 509 332 571 virtute
353 495 531 570 viluerunt
553 503 793 577 Athenienses,
830 519 870 569 ut

60 613 290 696 decemplicem
320 631 496 683 numerum
523 612 673 675 hostium
710 609 871 692 profliga-

61 719 139 802 rint3
162 720 313 801 adeoque
324 729 594 800 perterruerunt,
617 730 655 780 ut
674 712 870 780 Persneno‘n

57 839 164 893 eastra
173 865 184 899 ,
206 827 264 893 sed
282 843 384 886 naves
399 822 567 903 petierint.
609 825 684 906 Qua
696 845 809 907 pugna
821 825 873 883 ni-

54 927 224 991 liladhuc
236 930 452 993 estnobilius.
496 933 597 994 Nulla
613 932 700 993 enim
714 948 874 1009 nmquam

52 1046 118 1099 tam
135 1036 259 1116 exigua
285 1056 405 1099 manus
422 1049 542 1135 tantas¹
553 1057 632 1121 opes
647 1035 842 1121 prostravit.

130 1243 238 1324 Cujus
260 1248 418 1310 victoriae
448 1258 522 1308 non
543 1246 687 1308 alienum
718 1251 850 1316 videtur
863 1253 911 1317 VI

50 1354 150 1439 quale
168 1352 358 1436 praemium
377 1352 524 1414 Miltiadi
549 1352 589 1413 sit
608 1353 790 1430 tributum,
813 1360 874 1421 do.
953 1426 956 1432 1

51 1481 146 1535 rere,
170 1480 237 1541 quo
253 1459 388 1521 facilius
409 1458 552 1540 intelligi
566 1459 674 1539 possit
681 1501 691 1535 ‚
723 1464 874 1525 eamdem

51 1562 205 1631 ninnium
231 1564 402 1645 civitatum
423 1584 495 1626 esse
516 1564 679 1627 naturarn.
724 1564 767 1627 Ut
788 1570 875 1629 enim
894 1583 915 1645 2

53 1672 173 1755 populi
191 1670 300 1733 nostri
319 1669 466 1730 honores
486 1670 651 1751 quondam
671 1672 874 1739 fueruntne-

59 1776 92 1837 ri
107 1788 292 1849 ettenuea,
320 1777 364 1837 oh
394 1794 531 1856 eamque
561 1795 696 1837 eausam
714 1779 873 1863 gloriosi3

57 1899 142 1943 nune
160 1891 275 1943 autem
295 1881 395 1943 effusi
418 1891 516 1961 atque
534 1882 698 1946 obsoleti:
728 1885 776 1947 sie
794 1888 875 1948 olim

55 1987 147 2069 apud
162 1984 387 2047 Athenienses
407 1987 514 2048 fuisse
531 1989 728 2077 reperimus.
770 1992 916 2064 Nam-3
995 2010 998 2017 ·

55 2110 121 2174 que
143 2090 226 2153 huie
254 2091 420 2166 Miltiadi,
453 2084 515 2176 'qui
535 2092 681 2157 Athenae
707 2088 898 2177 totamque'

58 2198 232 2261 Graeciam
241 2197 422 2273 liberarat,
441 2202 520 2277 talis
537 2199 644 2262 honos
656 2201 807 2263 tributus
827 2214 878 2262 est

55 2302 93 2367 in
121 2303 275 2389 porticu,
313 2324 398 2385 quae
426 2308 557 2389 Ποικίλη
583 2319 740 2380 vocatur,
775 2326 877 2388 quum

57 2431 175 2495 pugna
192 2410 430 2492 depingeretur
452 2411 666 2476 Marathonia
676 2442 700 2487 ,·
715 2423 753 2472 ut
766 2413 801 2472 in
819 2415 877 2473 de·
899 2417 903 2421 ’
1004 2432 1007 2437 ·

59 2536 133 2581 cem
155 2530 350 2599 praetorum
370 2539 511 2581 numero
531 2521 640 2601 prima
663 2520 735 2596 ejus
763 2517 877 2597 imago

57 2636 261 2705 poneretur,
275 2646 277 2651 ·
291 2626 387 2706 isque
402 2626 593 2688 hortaretur
611 2612 759 2695 milites,
780 2642 879 2703 proe-

59 2728 210 2812 liumque
241 2735 471 2794 committeret.
515 2735 608 2794 Idem
638 2733 695 2793 ille
721 2731 920 2812 pupulum

63 2848 283 2918 posteaquam
301 2840 410 2915 majus
433 2839 610 2920 imperium
630 2849 826 2909 estractus,
849 2846 882 2895 et

65 2941 240 3035 largitione
255 2946 511 3025 magistratuum
526 2957 704 3028 corruptus
721 2957 791 3019 est,
813 2956 882 3004 tre·

71 3061 176 3143 rentes
193 3062 321 3112 statuas
341 3052 513 3114 Demetrio
533 3051 694 3114 Phalereo
713 3050 871 3114 decrevit.

142 3258 294 3327 Posthac
301 3261 839 3350 proeliumrlassernaeptuaginta
858 3246 920 3321 Vll
1008 3354 1010 3359 Ι
