2086 3676
176 233 217 309 ⁶4
318 222 885 309 v11.ntcln1noas.s.9.
935 232 979 329 '.

176 421 308 493 partem
322 409 415 492 lore3
447 423 562 472 contra
576 430 628 480 ca,
652 411 778 493 siquid
794 412 935 475 adversi
946 436 987 479 ac·

175 500 334 589 cidissct,
378 538 414 577 se
447 540 551 579 unum
585 518 658 591 ejus
694 517 814 579 delicti
851 518 989 583 futurum

39 684 42 689 ,
129 633 280 695 arcum.
324 624 375 685 Ab
395 621 459 682 hoc
484 626 659 686 discedens
678 622 900 705 Alcibiades,
922 648 992 711 que

174 734 289 799 ninus,
311 726 441 806 inquit,
464 735 630 793 uictoriae
649 734 788 805 patriae
808 750 990 811 repugnet,

173 834 264 895 illud
283 851 426 903 moneo,
445 840 553 911 justa
569 838 702 911 hostem
722 844 849 899 castro
872 838 992 915 habeut

172 941 344 999 rrtaeutico:
377 942 572 1013 periculum
591 944 774 1013 estenim,
806 963 854 1003 ne
882 949 992 1009 immo·

172 1042 288 1103 ‹tesua
312 1044 462 1103 militum
493 1053 696 1108 nostrorum
724 1028 867 1112 decano
901 1052 994 1113 detur
1032 1084 1035 1091 ν

173 1147 358 1226 Lysandro
393 1154 507 1211 nostri
549 1152 766 1227 opprimendi
809 1161 994 1219 exercitus.

131 1252 288 1332 6Neque
317 1272 355 1313 ca
379 1257 549 1316 resiliam
578 1256 710 1317 sel'ellit.
754 1236 846 1319 Nam
870 1260 994 1339 Lysan-

173 1360 251 1430 der,
292 1380 395 1439 quum
419 1380 477 1437 per
508 1365 733 1440 speculatores
763 1370 992 1448 comperisset,

62 1444 67 1457 ⁵
173 1464 311 1544 vulgum
331 1465 587 1526 Atheniensium
608 1462 642 1526 in
660 1480 785 1530 terram
799 1476 990 1552 praedatu!

171 1572 304 1643 exisse,
343 1591 511 1653 navesque
547 1592 653 1653 paene
689 1576 982 1651 inanes'relictu,

132 1752 134 1757 ‚
169 1692 303 1762 tempus
329 1681 377 1739 rei
409 1681 574 1759 gerendae
602 1700 669 1739 non
706 1682 835 1742 dimisit
847 1668 864 1756 ,⁵
894 1704 987 1771 coqu

171 1786 302 1870 impetu
318 1796 426 1853 totum
443 1784 570 1847 bellum
593 1786 728 1847 delevit.

130 1999 179 2061 lx
264 2002 307 2061 At
321 1995 525 2065 Alcibiades,
547 1996 641 2058 victis
660 1992 929 2065 Atheniensibus
938 2018 996 2065 aon

175 2107 256 2168 satis
278 2116 350 2164 tuta
369 2103 484 2162 cadem
510 2101 585 2163 loca
612 2104 678 2165 sibi
704 2107 915 2182 arbitratus,
946 2124 997 2189 pe·

173 2214 267 2274 uitus
294 2210 328 2267 in
356 2207 536 2269 Thraciam
566 2228 601 2269 se
624 2232 732 2292 supra
759 2215 997 2294 Propontidem

171 2318 321 2389 abdidit,
344 2335 505 2396 sperans,
526 2315 575 2378 ibi
593 2316 750 2380 facillime
778 2340 876 2381 auam
896 2323 998 2382 fortu-

130 2422 249 2487 2nam
278 2423 385 2486 occuli
411 2444 525 2505 posse.
570 2398 690 2484 iano,
724 2424 812 2485 Nam
833 2424 997 2499 Thraces,

177 2541 359 2614 postquam
381 2548 457 2590 cum
478 2550 552 2590 cum
564 2550 686 2609 magna
704 2526 847 2611 pecunia
864 2536 998 2595 venisse

172 2646 373 2707 senserunt,
404 2637 544 2698 insidias
570 2636 650 2718 [ci]
675 2637 849 2700 feceruntt
873 2640 934 2722 qui
952 2660 1020 2713 ea„

172 2764 258 2824 quae
287 2752 500 2824 apportarat,
538 2742 770 2815 abstulerunt,
800 2743 918 2824 ipsum
948 2766 1000 2807 ca·

131 2856 335 2933 zperenon
357 2861 551 2930 potuerunt.
596 2847 658 2908 llle
677 2867 834 2922 cernens,
867 2851 999 2911 nullum

118 2994 121 2999 -
170 2956 282 3015 locum
301 2953 366 3015 sihi
382 2966 491 3016 tutum
513 2957 548 3013 in
568 2953 707 3016 Graecia
725 2952 864 3037 propter
880 2956 1000 3037 polen-

171 3063 255 3124 tiam
283 3061 645 3136 Lacedaemoniorum,
677 3064 719 3124 ad
741 3062 1000 3126 Pharnabazum

103 3170 109 3183 ⁸
172 3167 208 3229 in
226 3168 340 3229 Asiam
370 3169 524 3232 transiit:
553 3190 652 3252 quem
670 3171 806 3251 quidem
833 3170 920 3231 adeo
942 3186 1001 3230 sua

122 3330 129 3339 ,
161 3272 263 3356 ,cepit
284 3271 511 3350 humanitate,
533 3287 572 3337 ut
588 3294 664 3340 eum
679 3296 778 3359 nemo
798 3276 833 3337 iu
853 3274 1002 3337 amicitia

59 3396 147 3449 ι
910 3414 914 3423 ·
943 3400 999 3443 an-
