2100 3668
122 215 181 281 152
274 190 427 262 ‘xvnt
460 199 739 266 numurus,
765 207 814 274 15.

127 388 224 448 drnm
243 383 404 462 Magnum
424 404 520 463 reges
540 396 618 444 sunt
635 384 808 464 appellati,
830 404 870 447 ex
886 384 939 450 hos
980 382 991 459 t*

124 491 285 553 facillime
299 503 409 569 potest
421 492 575 566 judicari,
591 490 681 571 quod
696 509 807 564 nemo,
830 493 941 555 Eume·
988 499 991 546 !

123 595 268 687 ne'vivo,
290 613 349 655 rex
369 598 554 677 appellatus
575 607 645 672 est,
667 596 728 657 sed
737 599 944 682 praefeotus3

88 702 229 772 ziidem
278 714 357 781 post
400 700 502 778 hujus
535 720 700 761 occasum·
736 704 862 765 statim·
896 725 945 767 re.

128 808 220 886 gium
232 820 387 895 ornatum
406 826 591 887 nomenque
609 820 813 883 sumserunt,
829 829 947 892 neque,

128 913 219 996 quod
238 910 333 971 initio
350 913 602 992 praedicarant,
621 933 656 972 se
669 914 854 975 Alexandri
867 915 949 980 libs.

125 1021 174 1085 ris
194 1016 334 1096 regnum
347 1037 493 1101 servare,
505 999 678 1100 praestare
691 1019 883 1096 voluerunt,
906 1036 948 1099 et,

17 1178 25 1189 ,
129 1144 195 1186 uno
217 1135 465 1204 propugnatore
488 1123 642 1196 sublato,
665 1124 746 1204 quid
767 1125 948 1201 sentirent,

126 1239 344 1313 ,aperueruut
388 1213 497 1304 Hujus
523 1222 657 1291 sceleris
681 1230 855 1311 principes
880 1226 950 1293 fne-

130 1345 209 1395 runt
227 1332 426 1413 Antigonus,
447 1334 668 1409 Ptolomaeus,
690 1335 866 1412 Seleucus,
886 1336 949 1416 [γ.

87 1437 318 1512 lisimachus,
364 1437 564 1499 Cassander.
616 1440 803 1520 Antigonus
842 1455 985 1506 antem*

129 1544 312 1627 Eumenem
338 1555 507 1606 mortuum
530 1544 729 1624 propinquis
753 1547 828 1620 ejus
857 1567 950 1631 sepe·
978 1546 991 1643 ᾖ

127 1650 278 1712 tiendum
301 1648 450 1710 tradidit.
494 1648 538 1707 Hi
561 1647 701 1708 militari
725 1645 875 1715 honesto
900 1655 949 1721 in.

128 1776 222 1831 nere,
244 1755 420 1818 eomitante
438 1764 508 1813 toto
531 1755 690 1825 exercitu,
713 1752 953 1835 humaverunt,-

129 1880 271 1943 ossaqne
289 1860 362 1936 ejus
378 1859 412 1917 in
423 1856 667 1939 Cappadociam
683 1861 724 1920 ad
739 1870 888 1927 matrem
903 1877 945 1929 at
986 1906 991 1917 ·

128 1987 192 2051 que
210 1985 350 2028 uxorem
367 1966 560 2051 liberosque
575 1965 648 2041 ejus
667 1965 880 2055 deportanda
897 1954 941 2034 on
987 1986 990 1991 ·

89 2130 93 2135 .
127 2084 256 2135 rarunt.
294 2127 297 2132 .

127 2330 946 2370 mmmmm

469 2608 576 2677 XIX.

347 2787 723 2858 PHoclont

429 2960 432 2967 ¹
456 2953 632 2971 Μ

82 2898 105 2951 'i

86 3116 101 3178 l
128 3058 311 3182 Prionos,
333 3109 566 3186 Atheniensis,
588 3112 651 3174 etsi
673 3127 774 3191 saepe
794 3107 951 3169 exerciti·

129 3222 195 3286 bus
218 3216 367 3302 praefuit
402 3236 618 3301 summosque
642 3218 859 3298 magistratus
896 3232 949 3277 oe·
