2100 3668
64 34 73 371 ‚i
143 290 146 298 Ι
225 146 766 297 rarissimam-as
830 209 868 276 ta

10 423 13 428 ·
39 376 68 441 ''.
94 358 434 454 s'virmtihuccluxit,
463 383 512 444 eie
531 382 620 444 vitiis
643 390 694 441 est
718 384 868 444 obrutus.

57 468 68 529 3¹¹
89 479 170 585 Hujup
184 487 468 557 <illustrissimum
497 500 548 548 est
588 485 752 567 proelium
783 489 911 568 apud2

52 528 224 713 'sliataeam
263 596 415 675 Namque
424 591 482 653 illo
493 596 575 656 duee
589 592 797 665 Mardonius,
817 612 872 653 sa-

56 716 60 751 2
81 704 170 781 impes
188 700 320 781 regios,
351 700 483 761 natione
500 700 639 772 Medus,
658 698 746 778 regis
759 695 884 778 gener,'

38 842 41 847 ·
75 800 101 864 is
117 805 235 885 primia
248 807 397 867 omnium
413 805 590 868 Persarum
607 814 640 864 et
655 823 756 865 manu
775 802 871 865 fortis

44 911 242 973 ,etconsilii
266 913 386 992 plenus
397 951 412 985 ,¹
445 932 518 973 cum
545 911 696 974 ducentis
723 910 871 972 millibus
913 966 917 973 .

11 1052 14 1065 =
63 1017 229 1100 peditum,
258 998 342 1098 quos
370 1018 494 1080 viritim
519 1018 663 1097 legerat,
696 1026 728 1081 et
751 1015 871 1096 viginti

60 1125 209 1188 millibus
230 1124 395 1206 equitum,
435 1123 525 1184 haud
551 1123 598 1182 ita
619 1138 740 1200 magna
768 1142 870 1184 mano
975 1176 978 1183 .

60 1229 217 1291 Graeciae
236 1230 369 1311 fugatus
390 1241 457 1303 est,
479 1249 584 1311 eoque
601 1229 674 1310 ipse
699 1229 765 1289 dux
785 1230 868 1291 ceci·
966 1221 968 1224 ’

54 1334 105 1395 tiit
127 1334 271 1417 proelio.
314 1333 388 1417 Qua
421 1336 560 1400 victoria
586 1337 692 1396 elatus
725 1335 909 1417 plurimass

55 1442 198 1501 miscere
226 1443 351 1523 coepit,
398 1453 431 1504 et
462 1442 593 1519 majora
626 1443 869 1522 concupiscere.

54 1544 120 1606 Sed
137 1545 287 1628 primum
307 1549 342 1607 in
369 1567 407 1608 eo
430 1558 482 1608 est
505 1545 748 1628 reprehensus,
777 1549 869 1628 quod

58 1670 99 1711 ex
118 1651 247 1733 praeda
277 1652 444 1732 tripodem
475 1670 611 1713 aureum
638 1651 780 1733 Delphis
808 1673 869 1734 po-

62 1756 197 1830 suisset,
227 1757 463 1838 epigrammate
486 1759 631 1839 scripto,
659 1756 694 1816 in
715 1766 779 1838 quo
798 1769 869 1818 erat

10 1882 13 1889 ·
58 1858 136 1923 haec
157 1864 340 1926 sententia:
383 1884 443 1924 suo
471 1865 570 1925 ductu
596 1865 757 1926 barbaros
782 1864 871 1945 apud

54 1966 207 2031 Plataeas
228 1987 301 2029 esse
319 1971 464 2044 deletos,
487 1972 624 2051 ejusqpe
646 1970 801 2030 victoriae
817 1990 868 2030 er-

52 2093 96 2154 go
107 2073 257 2154 Apollini
275 2078 398 2137 donum
409 2078 553 2138 dedisse.
591 2057 660 2136 iios
680 2075 867 2138 versusLa-
882 2077 908 2150 ’4

55 2181 261 2241 oedaemonii
269 2184 533 2264 exsculpserunt,
546 2201 652 2262 neque
663 2182 754 2243 aliud
764 2182 867 2262 serip-

55 2294 174 2373 serunt
183 2325 192 2356 ,
215 2306 312 2365 quam
322 2288 456 2349 nomina
466 2308 578 2350 earum
594 2287 773 2361 civitatum,
787 2307 871 2370 qua-·

53 2412 131 2453 rum
150 2392 273 2453 auxilio
295 2392 415 2456 Persae
433 2403 528 2455 erant
548 2393 637 2456 vieti.
719 2408 724 2421 ²

138 2601 223 2683 Post
236 2607 269 2666 id
292 2606 460 2688 proelium
486 2602 637 2666 eumdem
660 2603 856 2668 Pausaniam
867 2592 902 2671 Ii
1004 2688 1007 2693 Ι

55 2732 131 2774 cum
147 2713 252 2774 classe
271 2716 437 2775 communi
466 2712 612 2794 Cyprum
640 2725 735 2793 atque
755 2712 869 2795 Helle·

54 2830 214 2896 sponsum
239 2800 418 2899 miserimt,
458 2831 496 2882 ut
523 2839 562 2880 ex
590 2818 643 2878 his
672 2818 864 2897 regionibus

52 2926 276 2987 barbarorum
297 2926 463 3005 praesidia
485 2925 677 3006 depelleret.
719 2923 802 2984 Pari*
817 2925 906 2997 Μ
968 2950 973 2970 =

52 3028 179 3118 licitate
193 3031 228 3091 in
250 3051 288 3092 ea
310 3050 346 3091 re
366 3052 447 3092 usus
471 3032 588 3093 elatius
606 3051 640 3092 se
656 3049 770 3111 gerere
789 3048 864 3090 coe·
903 3088 907 3108 ‚

52 3134 124 3215 pit,
146 3136 356 3216 maioresque
373 3151 527 3219 appetere
543 3134 612 3199 res.⁴
651 3138 737 3197 Nam
751 3146 866 3216 quum,
970 3136 983 3159 ⁸

54 3236 222 3316 Byzantio
256 3256 464 3326 expugnato,
506 3243 649 3326 cepisset
678 3243 864 3326 complures
895 3246 909 3317 ι)
