2100 3668
185 245 242 308 ns
289 192 812 296 auaranmo'rtoas.
842 244 924 309 aa.

127 431 165 494 23
186 420 303 498 ltaque
324 436 425 497 quum
444 415 478 474 in
501 414 661 477 circulum
687 416 859 487 venisset,
885 416 990 495 inquo

186 534 243 585 aut
266 523 306 583 de
326 521 497 602 republica
521 520 770 601 disputaretur,
795 533 853 582 aut
871 522 910 583 de
930 517 991 602 phi.

185 625 343 710 losophia
363 644 471 686 sermo
496 622 689 713 haberetur,
718 644 901 705 numquam
930 623 994 693 intlt¹

182 737 278 821 prius
296 731 466 804 discessit,
488 714 587 812 quam
605 730 646 790 ad
665 729 897 805 finemsermo
917 740 992 790 esset
1027 726 1030 731 ’

145 854 165 915 tp
185 843 362 904 adductus.
401 836 633 918 Paupertatem
653 835 735 896 adeo
756 837 854 897 facile
869 832 1028 918 perpes-'st‘

184 966 241 1008 sus
264 955 336 1014 est,
358 952 397 1002 ut
419 943 458 1002 de
479 942 650 1021 republica
671 938 756 1002 nihil
779 953 915 1021 praeter
936 941 995 1022 glo·
1024 942 1028 951 '

181 1048 266 1109 riam
298 1049 434 1128 ceperit.
477 1047 668 1109 Amicorum
689 1047 725 1105 in
749 1065 785 1105 se
804 1046 932 1106 tuendo
952 1062 997 1105 et·

182 1153 252 1214 ruit
269 1152 503 1225 facultatibus,
524 1151 590 1212 lide
610 1152 652 1212 ad
673 1151 757 1211 alios
781 1150 997 1234 sublevandos

183 1277 282 1338 saepe
308 1257 355 1319 sic
378 1277 459 1319 usus
482 1270 551 1330 est,
574 1269 611 1318 ut
626 1256 737 1336 possit
754 1250 917 1330 judicari,
938 1250 999 1315 o'm·

142 1360 239 1437 5nia
271 1358 302 1420 ei
333 1382 411 1422 cum
434 1360 548 1423 amicis
576 1360 682 1442 fuisse
711 1361 880 1422 comunis.
922 1360 1022 1422 Nan·

185 1486 287 1547 quum
302 1479 359 1528 aut
369 1465 489 1528 ciuium
509 1482 644 1524 suorum
660 1461 781 1543 aliquis
797 1465 838 1528 ab
852 1464 999 1529 hostibus

82 1654 85 1661 Ι
185 1581 275 1631 esset
293 1584 407 1653 captus
419 1613 429 1644 ,
451 1580 508 1632 aut
525 1571 623 1649 virgo
644 1568 740 1630 amici
761 1572 886 1632 nubilis
906 1590 1000 1653 prop·
1036 1584 1040 1649 ι

184 1680 236 1737 ter
255 1687 487 1759 paupertatem
506 1672 665 1738 collocari
681 1695 749 1734 non
766 1682 903 1755 posset,
927 1676 1000 1763 apti·
1032 1660 1040 1739 l

183 1794 297 1841 curum
314 1780 493 1844 concilium
507 1776 666 1851 habebat,
688 1790 733 1852 et,
744 1792 907 1860 quantum
918 1780 1013 1861 quis·'

145 1886 164 1951 6
184 1904 249 1965 que
259 1886 365 1958 daret,
380 1903 442 1966 pro
460 1880 673 1946 facultatibus
685 1882 884 1965 imperabat.
908 1884 1001 1949 Eam·
1034 1906 1040 1963 ς

184 2008 250 2067 que
270 2006 434 2051 summam
454 2002 556 2068 quum
577 1987 714 2062 lecerat,
734 1977 1000 2072 priusquam‘ao·
1030 1964 1040 2063 l

183 2093 309 2174 ciperet
322 2084 509 2177 pecuniam,
528 2092 714 2163 adducebat
726 2115 814 2166 eum,
833 2092 890 2174 qui
906 2112 1000 2174 quae·
1018 2088 1040 2147 '³

180 2201 291 2272 rebat,
307 2203 349 2261 ad
368 2181 436 2269 eos,
460 2189 517 2278 qui
530 2195 876 2293 conferebanu'aeeique
891 2212 929 2261 ut
941 2196 1001 2282 ipsi

93 2316 96 2321 ’
118 2332 120 2337 ·
175 2296 421 2375 numerarent,
443 2302 607 2385 iaciebat3
629 2314 667 2363 ut
684 2303 765 2377 ilie,
785 2302 827 2365 ad
847 2320 948 2383 quem
966 2320 1001 2363 ea

185 2423 241 2466 res
271 2407 509 2491 perveniebat,
542 2403 674 2479 sciret,'
695 2419 855 2487 quantum
885 2396 1001 2492 'cuique
1028 2436 1031 2441 ¹

185 2509 334 2580 deberet.
424 2525 428 2533 '
731 2522 734 2527 “

142 2711 192 2776 lv
252 2717 395 2783 Tentata
407 2730 517 2781 autem
535 2718 607 2795 eius
619 2712 885 2784 estabstinentia
898 2721 1021 2786 anisa*

170 2823 357 2901 medonte,
381 2821 560 2900 cyziceno.
580 2824 747 2904 Namque
763 2825 795 2885 is
809 2837 931 2904 rogatu
945 2820 1005 2890 hr·
1036 2838 1040 2901 ξ

180 2930 328 2989 taxerxis
348 2924 614 3013 Epaminondam·
627 2931 766 3009 pecunia
783 2946 1006 3015 corrumpeu·
1038 2906 1040 2917 Ι

106 3092 109 3103 ,
183 3039 262 3099 (lum
285 3040 490 3117 susceperat.»
531 3032 594 3095 Hic·
612 3053 732 3113 magno
754 3053 828 3094 cum
855 3038 1040 3115 pondere,

164 3142 252 3203 auri
269 3141 402 3204 Thebas
422 3139 531 3217 uenit,
554 3151 586 3199 et
606 3127 792 3215 Micythum
809 3128 1038 3202 adolescens-‘¹

180 3247 290 3309 tulum
322 3244 480 3328 quinque¹
502 3243 637 3307 talemis
666 3245 709 3306 ael
734 3260 830 3306 suam
847 3243 1013 3329 perduxit
