2086 3676
187 266 228 329 22
373 250 403 312 1.
433 237 736 315 Mrirrnnns
762 262 792 326 a.
815 263 843 325 5.

190 435 231 497 ld
244 432 274 494 si
287 432 411 496 fastum
424 444 524 508 esset,
543 443 575 494 et
586 433 713 498 civibus
733 435 879 496 animum
898 452 1008 497 acces·

191 561 328 615 surum,
350 519 454 623 quurn
469 539 641 628 viderent,
678 540 718 602 de
746 559 860 600 eorum
886 541 1008 604 virtute

187 669 255 711 non
274 648 458 730 desperari,
473 659 505 707 et
517 642 633 727 hastas
654 645 769 706 eadem
788 665 824 707 re
847 647 920 707 fore
941 659 1009 709 tar·
1036 629 1037 634 ἵ

191 755 317 833 dianes,
341 754 370 813 si
388 742 712 826 animadverterent,
748 750 869 832 auderi
889 753 1009 815 adver.
1024 738 1026 745 ’

189 878 247 923 sus
276 878 320 933 se,
341 869 411 921 tam
434 858 561 939 exiguis
583 834 686 940 co'piis
709 844 895 919 dimicare..

65 1058 67 1062 ’
92 1149 95 1157 ἱ
149 1044 195 1132 v.'
274 1067 345 1130 Hoc
365 1065 565 1150 intempore
583 1067 677 1130 nulla
695 1064 1008 1132 aivitasAthenien-

187 1174 282 1237 sibus
302 1173 426 1235 auxilio
444 1175 509 1240 fnit
531 1184 664 1256 praeter
681 1175 907 1235 Plataeenses.
963 1175 1010 1237 Ea·

188 1280 281 1347 mille
298 1280 392 1342 misit
409 1281 564 1343 militurn.
609 1278 725 1359 Itaque
742 1275 864 1339 horum
875 1281 1009 1348 ,adven-

113 1434 116 1442 ,
186 1395 225 1447 tu
245 1387 357 1448 decem
375 1386 481 1448 millia
498 1397 701 1449 armatorum
722 1388 886 1468 completa
909 1398 1007 1452 sunt:

188 1512 272 1574 quae
290 1511 408 1555 manus
420 1490 566 1554 mirabili
580 1490 744 1570 flagrabat
760 1492 935 1572 pugnandi
953 1513 1007 1555 au·

148 1599 339 1682 2piditata.
391 1597 465 1681 Quo
487 1600 612 1660 fastum
635 1609 704 1672 est,
733 1597 879 1676 utplus,
910 1615 1003 1681 qnam

188 1705 355 1785 collegae,
377 1702 547 1768 Miltiades
567 1702 720 1765 valuerit.
765 1700 846 1776 Ejus
865 1699 1005 1763 austori-
1031 1736 1034 1741 -

82 1796 84 1802 ’
186 1817 254 1867 tate
288 1806 425 1889 impulsi
452 1805 673 1869 Athenienses
701 1804 813 1885 copias
849 1822 889 1866 ex
926 1806 1008 1868 urbe

189 1910 393 1984 eduxerunt,
415 1910 554 1991 locaque
570 1911 690 1974 idoneo
715 1912 824 1974 eastra
843 1910 1008 1971 secernat.

146 2012 319 2087 3Deinde
345 2009 480 2097 postero
500 2016 553 2076 die
580 2021 642 2080 sub
673 2015 796 2077 montis
821 2013 1006 2090 radicibus,

45 2132 48 2139 '
116 2192 123 2214 .
191 2118 261 2181 acie
278 2138 295 2179 e
312 2119 449 2200 regione
467 2119 640 2195 instructa,
659 2140 744 2183 nova
758 2131 840 2195 arte,
863 2122 894 2179 vi
916 2141 1008 2181 sum.

186 2242 242 2289 rna
259 2224 424 2306 proelium
444 2222 692 2293 commiserint.
734 2226 887 2306 Namque
907 2220 1006 2288 arbo·

186 2349 241 2391 res
263 2332 376 2407 multis
396 2331 478 2393 locis
495 2343 589 2395 erant
604 2343 747 2406 stratae,
769 2329 833 2399 hoc
850 2331 1003 2413 consilio,

189 2445 228 2497 ut
248 2447 281 2498 et
295 2438 457 2498 montium
476 2448 668 2518 tegerentur
686 2428 879 2513 altitudine,
889 2490 891 2495 .
903 2450 936 2500 et
950 2458 1005 2500 ar·

187 2541 310 2606 borum
333 2552 441 2606 tractu
468 2521 801 2627 equitatus'hossiu‘m
823 2543 1004 2628 impedire·

148 2651 260 2720 atur,
291 2667 333 2708 ne
359 2647 569 2713 multitudine
597 2651 840 2723 clauderentur.
891 2646 1002 2719 Datis,

89 2815 103 2823 ,
189 2749 253 2810 etsi
275 2758 646 2837 nonaequnmxloeum
672 2758 806 2820 videbat
830 2753 919 2831 suis,
952 2766 1003 2821 ta·
1034 2790 1038 2794 ·

99 2932 102 2938 Ι
187 2871 285 2931 rnen,
308 2857 412 2920 fretus
423 2880 561 2924 numero
572 2863 742 2947 copiarum
756 2842 908 2938 'suarumJ
925 2885 1003 2929 can·

188 2956 306 3042 fligere
323 2965 496 3048 cupiebat:
529 2988 633 3052 eoque
651 2969 776 3050 magis,
798 2967 907 3050 quod,
931 2969 1003 3052 pri-

186 3084 330 3148 usquam
363 3069 616 3150 Lacedaemonii
647 3071 796 3138 subsidio
833 3073 1000 3146 tenirent,

187 3173 345 3238 dimicare
357 3176 438 3238 utile
456 3180 691 3244 arbitrabatur.
722 3180 838 3262 Itaque
849 3178 884 3238 in
897 3159 1000 3240 acidm

186 3281 336 3362 pediturn
347 3295 489 3361 eentum,
506 3286 654 3370 equitum
670 3288 785 3355 decem
799 3283 905 3349 millia
916 3304 999 3373 pro·
