2100 3668
34 39 50 339 1
194 106 221 166 Ι.
251 86 573 171 MILTTaD'Es.
591 94 636 191 ’,7.
658 116 689 182 ὅ.
828 116 867 185 25

10 295 28 343 tt

83 287 137 352 ierit
153 289 257 393 irater
274 291 346 367 ejus
366 290 568 370 Tisagora's.·
603 288 712 350 Causa
725 289 866 370 cognita,
888 297 907 361 6

10 391 45 450 It·
77 395 171 478 eapitis
205 398 400 470 absolutus,
437 395 578 478 pecunia
607 393 766 457 multatus
800 409 868 470 est,

10 498 37 555 :I'
71 520 157 584 etque
187 501 231 560 lis
257 504 497 585 quinquaginta'
524 500 657 560 talentis
696 503 870 565 aestimata

10 641 24 685 ¹.
73 620 124 683 est,
144 620 289 690 quantus
307 610 341 667 in
360 607 501 668 classem
518 617 645 665 sumtus
660 606 770 681 ,factus
785 620 865 668 erat.

10 650 37 897 1-
66 711 145 775 Hane
164 715 338 795 pecuniam
356 715 444 794 quod
473 712 601 771 solvere
625 711 659 769 in
680 715 869 793 praesentia

61 834 115 876 non
137 830 291 898 poterat,
330 820 364 878 in
389 819 518 878 vineuis
543 817 676 896 publica
701 820 867 903 conjectus
945 872 948 877 ,

10 906 17 931 ''
59 935 120 998 est,
152 924 268 1005 ibique
289 925 377 986 diem
400 925 485 988 obiit
497 944 714 1006 supremumt·

129 1132 194 1195 Hie
212 1137 276 1194 etsi
293 1136 429 1196 erimine
450 1136 545 1196 Pario
559 1148 610 1196 est
627 1146 812 1209 aecusatus,
824 1133 909 1195 VIII

55 1247 158 1301 tamen
180 1239 247 1300 alia
272 1241 336 1301 fuit
358 1262 458 1303 eausa
485 1242 718 1304 damnationis.
743 1245 863 1304 ·Nam-

55 1365 112 1424 que
130 1344 355 1406 Athenienses
374 1362 512 1431 propter
531 1349 697 1409 Pisistrati
716 1350 868 1425 tyranni-

57 1450 143 1524 dem,
177 1448 264 1531 quae
280 1455 395 1532 paucis
420 1456 515 1516 annis
536 1469 610 1515 ante
636 1455 765 1523 iuerat,
797 1472 868 1509 om·

59 1555 141 1614 nium
158 1577 298 1617 suorum
320 1558 441 1618 civium
466 1559 651 1638 potentiam
676 1556 869 1615 extimesce-

63 1659 145 1745 tau,
184 1661 378 1735 utilitates,
403 1667 545 1726 mutum
567 1648 603 1724 {n
627 1660 776 1743 imperiis
797 1677 867 1717 ma·
889 1668 910 1730 2

64 1761 310 1848 gistratibusque
325 1782 476 1830 versatus
492 1813 500 1844 ‚
523 1793 589 1833 non
599 1769 774 1830 videbatur
786 1782 866 1846 pos-

64 1882 92 1925 se
105 1888 177 1931 esse
196 1873 367 1952 privatus,
395 1866 594 1956 praesertim
609 1892 710 1954 quum
730 1878 869 1931 eonsue-

65 1974 164 2036 tudine
183 1978 226 2037 ad
250 1979 382 2060 imperii
400 1983 614 2063 cupiditatem
630 1977 720 2040 trahi
739 1977 891 2063 videre·⁴

69 2085 118 2140 itr-
158 2084 246 2145 Nam
271 2084 473 2146 Chersonesi
500 2098 613 2145 omnes
647 2083 746 2156 illos,
783 2066 906 2163 quos'3

70 2177 238 2257 habitarat,
266 2209 371 2250 annos
387 2202 583 2272 perpetuam
603 2189 793 2252 obtinuerat
810 2189 869 2248 do-

71 2290 286 2381 renationem,
304 2307 535 2379 tyrannusque
548 2299 657 2358 fuerat
667 2294 866 2377 appellatus,
909 2336 913 2351 .

71 2396 115 2455 ted
133 2399 257 2475 justus.
301 2403 378 2461 Non
396 2415 468 2462 erat
493 2404 582 2463 enim
602 2404 635 2462 vi
657 2410 864 2471 consecutus,

72 2500 115 2559 ted
132 2522 276 2563 snorum
304 2507 493 2579 voluntate,
518 2527 653 2586 eamque
669 2517 868 2587 potestatem

70 2600 197 2669 bonitate
218 2610 394 2673 retinebat.
425 2613 550 2671 Omnes
561 2625 670 2672 autem
692 2624 723 2671 et
736 2611 864 2673 haben·
967 2597 970 2605 ’

71 2714 110 2766 tur
126 2726 156 2773 et
173 2716 328 2779 dicuntur
351 2719 507 2795 tyranni,
534 2719 591 2798 qui
608 2730 771 2797 potestate
790 2728 869 2790 sunt,

70 2831 213 2898 perpetua
232 2822 326 2892 inea
353 2823 502 2899 civitate,
525 2843 608 2906 quae
633 2825 784 2887 libertate
803 2842 865 2882 usa

71 2932 115 2981 est.
155 2925 220 2987 Sed
239 2928 273 2985 in
286 2928 439 2989 Miltiade
456 2942 527 2990 erat
543 2932 643 3008 quum
660 2949 785 2991 summa
802 2928 864 2987 Iiu-
884 2937 905 3000 4

32 3104 45 3121 -.
68 3029 210 3103 manitas,
229 3036 413 3095 tummim
435 3038 672 3110 communitas,
710 3045 747 3094 nt
766 3054 862 3094 nemo
950 3108 954 3115 ,

43 3132 121 3191 'itm
141 3133 277 3198 humitis
298 3151 405 3216 esset,
437 3144 489 3210 eui
513 3164 579 3203 non
597 3142 640 3203 ad
658 3162 732 3203 eum
753 3143 865 3203 aditus·
