<?xml version="1.0" encoding="UTF-8"?>
<!DOCTYPE html PUBLIC "-//W3C//DTD XHTML 1.0 Transitional//EN"
    "http://www.w3.org/TR/xhtml1/DTD/xhtml1-transitional.dtd">
<html xmlns="http://www.w3.org/1999/xhtml" xml:lang="en" lang="en">
 <head>
  <title>
</title>
<meta http-equiv="Content-Type" content="text/html;charset=utf-8" />
  <meta name='ocr-system' content='tesseract 3.04.00' />
  <meta name='ocr-capabilities' content='ocr_page ocr_carea ocr_par ocr_line ocrx_word'/>
</head>
<body>
  <div class='ocr_page' id='page_1' title='image "./corneliinepotis03nepogoog_0069.png"; bbox 0 0 2100 3668; ppageno 0'>
   <div class='ocr_carea' id='block_1_1' title="bbox 326 42 500 77">
    <p class='ocr_par' dir='ltr' id='par_1_1' title="bbox 326 42 500 77">
     <span class='ocr_line' id='line_1_1' title="bbox 326 42 500 77; baseline -0.006 -7"><span class='ocrx_word' id='word_1_1' title='bbox 326 51 334 77; x_wconf 60' lang='lat' dir='ltr'><strong>p</strong></span> <span class='ocrx_word' id='word_1_2' title='bbox 489 42 500 69; x_wconf 77' lang='grc' dir='ltr'><em>Ι</em></span> 
     </span>
    </p>
   </div>
   <div class='ocr_carea' id='block_1_2' title="bbox 40 148 931 281">
    <p class='ocr_par' dir='ltr' id='par_1_2' title="bbox 40 148 931 281">
     <span class='ocr_line' id='line_1_2' title="bbox 40 148 931 281; baseline -0.031 -5"><span class='ocrx_word' id='word_1_3' title='bbox 40 224 42 234; x_wconf 93' lang='grc'><em>·</em></span> <span class='ocrx_word' id='word_1_4' title='bbox 110 209 153 274; x_wconf 80' lang='lat'><strong>⁶0</strong></span> <span class='ocrx_word' id='word_1_5' title='bbox 184 148 201 179; x_wconf 55' lang='lat'><strong>⁵</strong></span> <span class='ocrx_word' id='word_1_6' title='bbox 234 177 802 268; x_wconf 72' lang='lat' dir='ltr'><strong>vl1.AL&#39;CIB1A·DES.5.6.</strong></span> <span class='ocrx_word' id='word_1_7' title='bbox 892 216 931 281; x_wconf 80' lang='grc' dir='ltr'><strong> </strong></span> 
     </span>
    </p>
   </div>
   <div class='ocr_carea' id='block_1_3' title="bbox 8 378 938 2383">
    <p class='ocr_par' dir='ltr' id='par_1_3' title="bbox 8 378 938 2281">
     <span class='ocr_line' id='line_1_3' title="bbox 8 378 938 468; baseline -0.008 -21"><span class='ocrx_word' id='word_1_8' title='bbox 8 396 11 408; x_wconf 86' lang='grc'><strong>’</strong></span> <span class='ocrx_word' id='word_1_9' title='bbox 114 405 179 468; x_wconf 88' lang='lat' dir='ltr'><strong>que</strong></span> <span class='ocrx_word' id='word_1_10' title='bbox 208 383 247 445; x_wconf 82' lang='lat' dir='ltr'><strong>fit</strong></span> <span class='ocrx_word' id='word_1_11' title='bbox 281 382 370 464; x_wconf 87' lang='lat' dir='ltr'><strong>apud</strong></span> <span class='ocrx_word' id='word_1_12' title='bbox 405 380 565 453; x_wconf 74' lang='lat' dir='ltr'><strong>Samum3</strong></span> <span class='ocrx_word' id='word_1_13' title='bbox 604 393 701 461; x_wconf 87' lang='lat' dir='ltr'><strong>post,</strong></span> <span class='ocrx_word' id='word_1_14' title='bbox 739 378 938 457; x_wconf 78' lang='lat' dir='ltr'><strong>suffragante</strong></span> 
     </span>
     <span class='ocr_line' id='line_1_4' title="bbox 74 471 938 585; baseline -0.001 -38"><span class='ocrx_word' id='word_1_15' title='bbox 74 550 82 585; x_wconf 40' lang='grc' dir='ltr'><em>ὃ</em></span> <span class='ocrx_word' id='word_1_16' title='bbox 115 471 346 575; x_wconf 76' lang='lat' dir='ltr'><strong>Theraniene,</strong></span> <span class='ocrx_word' id='word_1_17' title='bbox 375 486 591 570; x_wconf 22' lang='lat' dir='ltr'><strong>populiscito,</strong></span> <span class='ocrx_word' id='word_1_18' title='bbox 610 483 821 556; x_wconf 79' lang='lat' dir='ltr'><strong>restituitur,</strong></span> <span class='ocrx_word' id='word_1_19' title='bbox 853 486 938 566; x_wconf 65' lang='lat' dir='ltr'><strong>paris</strong></span> 
     </span>
     <span class='ocr_line' id='line_1_5' title="bbox 116 589 938 676; baseline -0.004 -21"><span class='ocrx_word' id='word_1_20' title='bbox 116 616 180 676; x_wconf 88' lang='lat' dir='ltr'><strong>que</strong></span> <span class='ocrx_word' id='word_1_21' title='bbox 211 599 332 658; x_wconf 81' lang='lat' dir='ltr'>absens</span> <span class='ocrx_word' id='word_1_22' title='bbox 355 593 505 673; x_wconf 80' lang='lat' dir='ltr'><strong>imperio</strong></span> <span class='ocrx_word' id='word_1_23' title='bbox 522 589 716 672; x_wconf 84' lang='lat' dir='ltr'><strong>praeficitur</strong></span> <span class='ocrx_word' id='word_1_24' title='bbox 744 591 844 651; x_wconf 87' lang='lat' dir='ltr'><strong>simul</strong></span> <span class='ocrx_word' id='word_1_25' title='bbox 872 611 938 652; x_wconf 83' lang='lat' dir='ltr'><strong>cun</strong></span> 
     </span>
     <span class='ocr_line' id='line_1_6' title="bbox 73 676 938 786; baseline -0.006 -25"><span class='ocrx_word' id='word_1_26' title='bbox 73 709 95 774; x_wconf 77' lang='lat'><strong>5</strong></span> <span class='ocrx_word' id='word_1_27' title='bbox 117 701 335 786; x_wconf 81' lang='lat' dir='ltr'><strong>Thrasybulo</strong></span> <span class='ocrx_word' id='word_1_28' title='bbox 361 712 393 759; x_wconf 90' lang='lat' dir='ltr'><strong>et</strong></span> <span class='ocrx_word' id='word_1_29' title='bbox 413 698 634 758; x_wconf 77' lang='lat' dir='ltr'><strong>Theramene.</strong></span> <span class='ocrx_word' id='word_1_30' title='bbox 679 695 810 756; x_wconf 87' lang='lat' dir='ltr'><strong>Horum</strong></span> <span class='ocrx_word' id='word_1_31' title='bbox 831 697 868 754; x_wconf 93' lang='lat' dir='ltr'><strong>in</strong></span> <span class='ocrx_word' id='word_1_32' title='bbox 884 676 938 756; x_wconf 72' lang='lat' dir='ltr'><strong>iin-</strong></span> 
     </span>
     <span class='ocr_line' id='line_1_7' title="bbox 84 804 938 893; baseline -0.006 -26"><span class='ocrx_word' id='word_1_33' title='bbox 84 880 87 893; x_wconf 66' lang='lat'><strong>,</strong></span> <span class='ocrx_word' id='word_1_34' title='bbox 115 808 212 890; x_wconf 86' lang='lat' dir='ltr'><strong>perio</strong></span> <span class='ocrx_word' id='word_1_35' title='bbox 232 818 324 868; x_wconf 85' lang='lat' dir='ltr'><strong>tanta</strong></span> <span class='ocrx_word' id='word_1_36' title='bbox 341 805 556 869; x_wconf 73' lang='lat' dir='ltr'><strong>commutatio</strong></span> <span class='ocrx_word' id='word_1_37' title='bbox 574 822 688 864; x_wconf 89' lang='lat' dir='ltr'><strong>rerum</strong></span> <span class='ocrx_word' id='word_1_38' title='bbox 710 804 801 864; x_wconf 73' lang='lat' dir='ltr'><strong>sucta</strong></span> <span class='ocrx_word' id='word_1_39' title='bbox 822 815 887 875; x_wconf 86' lang='lat' dir='ltr'><strong>est,</strong></span> <span class='ocrx_word' id='word_1_40' title='bbox 909 815 938 862; x_wconf 84' lang='lat' dir='ltr'><strong>ut</strong></span> 
     </span>
     <span class='ocr_line' id='line_1_8' title="bbox 116 894 938 992; baseline -0.009 -18"><span class='ocrx_word' id='word_1_41' title='bbox 116 912 391 984; x_wconf 88' lang='lat' dir='ltr'><strong>Lacedaemonii,</strong></span> <span class='ocrx_word' id='word_1_42' title='bbox 413 895 472 992; x_wconf 85' lang='lat' dir='ltr'><strong>qui</strong></span> <span class='ocrx_word' id='word_1_43' title='bbox 497 911 611 992; x_wconf 87' lang='lat' dir='ltr'><strong>paullo</strong></span> <span class='ocrx_word' id='word_1_44' title='bbox 633 923 708 971; x_wconf 88' lang='lat' dir='ltr'><strong>ante</strong></span> <span class='ocrx_word' id='word_1_45' title='bbox 728 894 874 976; x_wconf 85' lang='lat' dir='ltr'><strong>victores</strong></span> <span class='ocrx_word' id='word_1_46' title='bbox 896 907 938 967; x_wconf 89' lang='lat' dir='ltr'><strong>vi-</strong></span> 
     </span>
     <span class='ocr_line' id='line_1_9' title="bbox 117 1015 938 1105; baseline -0.006 -26"><span class='ocrx_word' id='word_1_47' title='bbox 117 1017 273 1101; x_wconf 78' lang='lat' dir='ltr'><strong>¹guerant,</strong></span> <span class='ocrx_word' id='word_1_48' title='bbox 300 1017 472 1105; x_wconf 76' lang='lat' dir='ltr'><strong>perterriti</strong></span> <span class='ocrx_word' id='word_1_49' title='bbox 493 1036 610 1096; x_wconf 87' lang='lat' dir='ltr'><strong>pacem</strong></span> <span class='ocrx_word' id='word_1_50' title='bbox 635 1026 802 1097; x_wconf 85' lang='lat' dir='ltr'><strong>peterent.</strong></span> <span class='ocrx_word' id='word_1_51' title='bbox 859 1015 938 1076; x_wconf 82' lang='lat' dir='ltr'><strong>Victi</strong></span> 
     </span>
     <span class='ocr_line' id='line_1_10' title="bbox 118 1123 938 1205; baseline -0.004 -20"><span class='ocrx_word' id='word_1_52' title='bbox 118 1126 217 1185; x_wconf 64' lang='lat' dir='ltr'><strong>enimi</strong></span> <span class='ocrx_word' id='word_1_53' title='bbox 235 1137 329 1186; x_wconf 90' lang='lat' dir='ltr'><strong>erant</strong></span> <span class='ocrx_word' id='word_1_54' title='bbox 360 1123 507 1205; x_wconf 83' lang='lat' dir='ltr'><strong>quinque</strong></span> <span class='ocrx_word' id='word_1_55' title='bbox 528 1123 670 1203; x_wconf 85' lang='lat' dir='ltr'><strong>proeliis</strong></span> <span class='ocrx_word' id='word_1_56' title='bbox 704 1123 938 1197; x_wconf 85' lang='lat' dir='ltr'><strong>terrestribus,</strong></span> 
     </span>
     <span class='ocr_line' id='line_1_11' title="bbox 117 1228 938 1309; baseline -0.005 -17"><span class='ocrx_word' id='word_1_57' title='bbox 117 1234 226 1296; x_wconf 86' lang='lat' dir='ltr'><strong>trihus</strong></span> <span class='ocrx_word' id='word_1_58' title='bbox 246 1231 442 1303; x_wconf 85' lang='lat' dir='ltr'><strong>navalibus,</strong></span> <span class='ocrx_word' id='word_1_59' title='bbox 465 1228 498 1287; x_wconf 92' lang='lat' dir='ltr'><strong>in</strong></span> <span class='ocrx_word' id='word_1_60' title='bbox 520 1229 642 1309; x_wconf 88' lang='lat' dir='ltr'><strong>quibus</strong></span> <span class='ocrx_word' id='word_1_61' title='bbox 666 1230 826 1293; x_wconf 83' lang='lat' dir='ltr'><strong>ducentas</strong></span> <span class='ocrx_word' id='word_1_62' title='bbox 840 1248 938 1290; x_wconf 86' lang='lat' dir='ltr'><strong>naves</strong></span> 
     </span>
     <span class='ocr_line' id='line_1_12' title="bbox 59 1316 938 1422; baseline 0.001 -25"><span class='ocrx_word' id='word_1_63' title='bbox 59 1316 61 1322; x_wconf 28' lang='grc' dir='ltr'>Ι</span> <span class='ocrx_word' id='word_1_64' title='bbox 116 1338 271 1421; x_wconf 80' lang='lat' dir='ltr'><strong>triremes</strong></span> <span class='ocrx_word' id='word_1_65' title='bbox 292 1339 486 1406; x_wconf 82' lang='lat' dir='ltr'><strong>amiserant,</strong></span> <span class='ocrx_word' id='word_1_66' title='bbox 507 1355 591 1422; x_wconf 85' lang='lat' dir='ltr'><strong>quae</strong></span> <span class='ocrx_word' id='word_1_67' title='bbox 605 1346 720 1416; x_wconf 84' lang='lat' dir='ltr'><strong>captae</strong></span> <span class='ocrx_word' id='word_1_68' title='bbox 740 1335 775 1393; x_wconf 92' lang='lat' dir='ltr'><strong>in</strong></span> <span class='ocrx_word' id='word_1_69' title='bbox 794 1333 938 1398; x_wconf 84' lang='lat' dir='ltr'><strong>hostium</strong></span> 
     </span>
     <span class='ocr_line' id='line_1_13' title="bbox 13 1436 938 1525; baseline 0.001 -22"><span class='ocrx_word' id='word_1_70' title='bbox 13 1488 16 1503; x_wconf 81' lang='grc'><strong>,</strong></span> <span class='ocrx_word' id='word_1_71' title='bbox 79 1436 99 1499; x_wconf 89' lang='grc'>6</span> <span class='ocrx_word' id='word_1_72' title='bbox 119 1456 281 1509; x_wconf 73' lang='lat' dir='ltr'><strong>uenerant</strong></span> <span class='ocrx_word' id='word_1_73' title='bbox 298 1454 511 1525; x_wconf 85' lang='lat' dir='ltr'><strong>potestatem.</strong></span> <span class='ocrx_word' id='word_1_74' title='bbox 556 1440 745 1504; x_wconf 84' lang='lat' dir='ltr'><strong>Alcibiades</strong></span> <span class='ocrx_word' id='word_1_75' title='bbox 759 1444 860 1503; x_wconf 87' lang='lat' dir='ltr'><strong>simul</strong></span> <span class='ocrx_word' id='word_1_76' title='bbox 872 1466 938 1505; x_wconf 88' lang='lat' dir='ltr'><strong>cum</strong></span> 
     </span>
     <span class='ocr_line' id='line_1_14' title="bbox 118 1548 938 1642; baseline -0.001 -31"><span class='ocrx_word' id='word_1_77' title='bbox 118 1551 255 1642; x_wconf 82' lang='lat' dir='ltr'><strong>collegis</strong></span> <span class='ocrx_word' id='word_1_78' title='bbox 286 1561 459 1635; x_wconf 85' lang='lat' dir='ltr'><strong>recepe-rat</strong></span> <span class='ocrx_word' id='word_1_79' title='bbox 481 1548 635 1620; x_wconf 86' lang='lat' dir='ltr'><strong>Joniam,</strong></span> <span class='ocrx_word' id='word_1_80' title='bbox 667 1549 938 1632; x_wconf 66' lang='lat' dir='ltr'><strong>Hellespontum,</strong></span> 
     </span>
     <span class='ocr_line' id='line_1_15' title="bbox 118 1638 938 1742; baseline -0.002 -22"><span class='ocrx_word' id='word_1_81' title='bbox 118 1660 242 1720; x_wconf 84' lang='lat' dir='ltr'><strong>multas</strong></span> <span class='ocrx_word' id='word_1_82' title='bbox 264 1648 437 1742; x_wconf 78' lang='lat' dir='ltr'><strong>praeterea</strong></span> <span class='ocrx_word' id='word_1_83' title='bbox 465 1656 567 1717; x_wconf 87' lang='lat' dir='ltr'><strong>urbes</strong></span> <span class='ocrx_word' id='word_1_84' title='bbox 595 1638 771 1730; x_wconf 68' lang='lat' dir='ltr'><strong>Graecas,</strong></span> <span class='ocrx_word' id='word_1_85' title='bbox 796 1677 881 1738; x_wconf 85' lang='lat' dir='ltr'><strong>quae</strong></span> <span class='ocrx_word' id='word_1_86' title='bbox 912 1660 938 1718; x_wconf 87' lang='lat' dir='ltr'><strong>in</strong></span> 
     </span>
     <span class='ocr_line' id='line_1_16' title="bbox 101 1761 938 1853; baseline 0.005 -31"><span class='ocrx_word' id='word_1_87' title='bbox 101 1785 179 1853; x_wconf 29' lang='lat' dir='ltr'><strong>&#39;ora</strong></span> <span class='ocrx_word' id='word_1_88' title='bbox 201 1767 283 1825; x_wconf 84' lang='lat' dir='ltr'><strong>sitae</strong></span> <span class='ocrx_word' id='word_1_89' title='bbox 305 1777 383 1824; x_wconf 86' lang='lat' dir='ltr'><strong>sunt</strong></span> <span class='ocrx_word' id='word_1_90' title='bbox 400 1761 689 1840; x_wconf 65' lang='lat' dir='ltr'><strong>Asiae,&#39;³quarum</strong></span> <span class='ocrx_word' id='word_1_91' title='bbox 714 1777 938 1845; x_wconf 82' lang='lat' dir='ltr'><strong>expugnarant</strong></span> 
     </span>
     <span class='ocr_line' id='line_1_17' title="bbox 51 1852 938 1952; baseline 0.001 -20"><span class='ocrx_word' id='word_1_92' title='bbox 51 1909 54 1913; x_wconf 91' lang='lat'>·</span> <span class='ocrx_word' id='word_1_93' title='bbox 114 1852 329 1950; x_wconf 59' lang='lat' dir='ltr'><strong>complures,</strong></span> <span class='ocrx_word' id='word_1_94' title='bbox 351 1871 390 1951; x_wconf 85' lang='lat' dir='ltr'><strong>in</strong></span> <span class='ocrx_word' id='word_1_95' title='bbox 411 1867 464 1926; x_wconf 90' lang='lat' dir='ltr'><strong>his</strong></span> <span class='ocrx_word' id='word_1_96' title='bbox 489 1867 717 1950; x_wconf 64' lang='lat' dir='ltr'><strong>Byzantium</strong></span> <span class='ocrx_word' id='word_1_97' title='bbox 754 1890 863 1952; x_wconf 83' lang='lat' dir='ltr'><strong>neque</strong></span> <span class='ocrx_word' id='word_1_98' title='bbox 883 1875 938 1932; x_wconf 88' lang='lat' dir='ltr'><strong>mi·</strong></span> 
     </span>
     <span class='ocr_line' id='line_1_18' title="bbox 118 1960 938 2053; baseline 0.005 -19"><span class='ocrx_word' id='word_1_99' title='bbox 118 1996 182 2049; x_wconf 74' lang='lat' dir='ltr'><strong>nus</strong></span> <span class='ocrx_word' id='word_1_100' title='bbox 203 1974 324 2046; x_wconf 76' lang='lat' dir='ltr'><strong>multas</strong></span> <span class='ocrx_word' id='word_1_101' title='bbox 345 1960 486 2040; x_wconf 72' lang='lat' dir='ltr'><strong>consitio</strong></span> <span class='ocrx_word' id='word_1_102' title='bbox 507 1975 550 2039; x_wconf 83' lang='lat' dir='ltr'><strong>ad</strong></span> <span class='ocrx_word' id='word_1_103' title='bbox 572 1975 751 2038; x_wconf 88' lang='lat' dir='ltr'><strong>amicitiam</strong></span> <span class='ocrx_word' id='word_1_104' title='bbox 780 1979 938 2053; x_wconf 85' lang='lat' dir='ltr'><strong>adjunxe-</strong></span> 
     </span>
     <span class='ocr_line' id='line_1_19' title="bbox 118 2079 938 2160; baseline 0.006 -21"><span class='ocrx_word' id='word_1_105' title='bbox 118 2093 213 2153; x_wconf 80' lang='lat' dir='ltr'><strong>rant,</strong></span> <span class='ocrx_word' id='word_1_106' title='bbox 243 2081 331 2160; x_wconf 89' lang='lat' dir='ltr'><strong>quod</strong></span> <span class='ocrx_word' id='word_1_107' title='bbox 348 2079 382 2138; x_wconf 90' lang='lat' dir='ltr'><strong>in</strong></span> <span class='ocrx_word' id='word_1_108' title='bbox 399 2090 513 2160; x_wconf 86' lang='lat' dir='ltr'><strong>captos</strong></span> <span class='ocrx_word' id='word_1_109' title='bbox 529 2080 705 2147; x_wconf 84' lang='lat' dir='ltr'><strong>clementia</strong></span> <span class='ocrx_word' id='word_1_110' title='bbox 724 2084 858 2143; x_wconf 74' lang='lat' dir='ltr'><strong>lucrant</strong></span> <span class='ocrx_word' id='word_1_111' title='bbox 875 2085 938 2144; x_wconf 85' lang='lat' dir='ltr'><strong>usi.</strong></span> 
     </span>
     <span class='ocr_line' id='line_1_20' title="bbox 77 2186 938 2281; baseline 0.008 -37"><span class='ocrx_word' id='word_1_112' title='bbox 77 2187 170 2258; x_wconf 85' lang='lat' dir='ltr'><strong>7lta</strong></span> <span class='ocrx_word' id='word_1_113' title='bbox 201 2186 327 2266; x_wconf 87' lang='lat' dir='ltr'><strong>praeda</strong></span> <span class='ocrx_word' id='word_1_114' title='bbox 359 2188 491 2281; x_wconf 72' lang='lat' dir='ltr'><strong>onupti,</strong></span> <span class='ocrx_word' id='word_1_115' title='bbox 510 2258 513 2263; x_wconf 7' lang='lat' dir='ltr'><strong>p</strong></span> <span class='ocrx_word' id='word_1_116' title='bbox 534 2188 738 2267; x_wconf 89' lang='lat' dir='ltr'><strong>locupletato</strong></span> <span class='ocrx_word' id='word_1_117' title='bbox 772 2191 938 2277; x_wconf 73' lang='lat' dir='ltr'><strong>exercitu,</strong></span> 
     </span>
    </p>

    <p class='ocr_par' dir='ltr' id='par_1_4' title="bbox 28 2290 912 2383">
     <span class='ocr_line' id='line_1_21' title="bbox 28 2290 912 2383; baseline 0.007 -33"><span class='ocrx_word' id='word_1_118' title='bbox 28 2306 31 2313; x_wconf 86' lang='lat'>·</span> <span class='ocrx_word' id='word_1_119' title='bbox 117 2290 274 2358; x_wconf 81' lang='lat' dir='ltr'><strong>maximis</strong></span> <span class='ocrx_word' id='word_1_120' title='bbox 293 2295 394 2354; x_wconf 86' lang='lat' dir='ltr'><strong>rebus</strong></span> <span class='ocrx_word' id='word_1_121' title='bbox 416 2292 537 2383; x_wconf 79' lang='lat' dir='ltr'><strong>gestis,</strong></span> <span class='ocrx_word' id='word_1_122' title='bbox 566 2293 714 2365; x_wconf 81' lang='lat' dir='ltr'><strong>Athenas</strong></span> <span class='ocrx_word' id='word_1_123' title='bbox 727 2290 912 2357; x_wconf 70' lang='lat' dir='ltr'><strong>&#39;verterunt</strong></span> 
     </span>
    </p>
   </div>
   <div class='ocr_carea' id='block_1_4' title="bbox 78 2499 938 3224">
    <p class='ocr_par' dir='ltr' id='par_1_5' title="bbox 78 2499 938 2918">
     <span class='ocr_line' id='line_1_22' title="bbox 78 2499 938 2583; baseline 0.002 -23"><span class='ocrx_word' id='word_1_124' title='bbox 78 2501 127 2569; x_wconf 84' lang='lat' dir='ltr'><strong>vl</strong></span> <span class='ocrx_word' id='word_1_125' title='bbox 210 2499 269 2560; x_wconf 87' lang='lat' dir='ltr'><strong>His</strong></span> <span class='ocrx_word' id='word_1_126' title='bbox 288 2522 391 2583; x_wconf 86' lang='lat' dir='ltr'><strong>quum</strong></span> <span class='ocrx_word' id='word_1_127' title='bbox 421 2505 553 2567; x_wconf 80' lang='lat' dir='ltr'><strong>obviam</strong></span> <span class='ocrx_word' id='word_1_128' title='bbox 582 2507 742 2570; x_wconf 83' lang='lat' dir='ltr'><strong>universa</strong></span> <span class='ocrx_word' id='word_1_129' title='bbox 767 2507 887 2568; x_wconf 84' lang='lat' dir='ltr'><strong>civitas</strong></span> <span class='ocrx_word' id='word_1_130' title='bbox 907 2505 938 2562; x_wconf 92' lang='lat' dir='ltr'><strong>in</strong></span> 
     </span>
     <span class='ocr_line' id='line_1_23' title="bbox 118 2609 938 2688; baseline 0 -19"><span class='ocrx_word' id='word_1_131' title='bbox 118 2609 558 2688; x_wconf 85' lang='lat' dir='ltr'><strong>Piraeeumdescendisset,</strong></span> <span class='ocrx_word' id='word_1_132' title='bbox 588 2613 766 2676; x_wconf 75' lang='lat' dir='ltr'><strong>tantaffuit</strong></span> <span class='ocrx_word' id='word_1_133' title='bbox 791 2611 938 2671; x_wconf 86' lang='lat' dir='ltr'><strong>omnium</strong></span> 
     </span>
     <span class='ocr_line' id='line_1_24' title="bbox 120 2715 936 2796; baseline -0.004 -18"><span class='ocrx_word' id='word_1_134' title='bbox 120 2715 324 2796; x_wconf 81' lang='lat' dir='ltr'><strong>exspectatio</strong></span> <span class='ocrx_word' id='word_1_135' title='bbox 344 2717 474 2779; x_wconf 74' lang='lat' dir='ltr'><strong>risendi</strong></span> <span class='ocrx_word' id='word_1_136' title='bbox 502 2720 704 2793; x_wconf 82' lang='lat' dir='ltr'><strong>Alcibiadis,</strong></span> <span class='ocrx_word' id='word_1_137' title='bbox 732 2731 770 2779; x_wconf 91' lang='lat' dir='ltr'><strong>ut</strong></span> <span class='ocrx_word' id='word_1_138' title='bbox 797 2719 841 2794; x_wconf 79' lang='lat' dir='ltr'><strong>ad</strong></span> <span class='ocrx_word' id='word_1_139' title='bbox 866 2718 936 2793; x_wconf 83' lang='lat' dir='ltr'><strong>ejus</strong></span> 
     </span>
     <span class='ocr_line' id='line_1_25' title="bbox 118 2803 938 2918; baseline -0.005 -35"><span class='ocrx_word' id='word_1_140' title='bbox 118 2803 288 2883; x_wconf 80' lang='lat' dir='ltr'><strong>tr&#39;iremem</strong></span> <span class='ocrx_word' id='word_1_141' title='bbox 299 2825 419 2904; x_wconf 84' lang='lat' dir='ltr'><strong>vulgus</strong></span> <span class='ocrx_word' id='word_1_142' title='bbox 448 2818 651 2898; x_wconf 82' lang='lat' dir='ltr'><strong>conflueret,</strong></span> <span class='ocrx_word' id='word_1_143' title='bbox 682 2825 824 2918; x_wconf 79' lang='lat' dir='ltr'><strong>proinde</strong></span> <span class='ocrx_word' id='word_1_144' title='bbox 849 2843 887 2885; x_wconf 87' lang='lat' dir='ltr'><strong>ac</strong></span> <span class='ocrx_word' id='word_1_145' title='bbox 913 2820 938 2882; x_wconf 88' lang='lat' dir='ltr'><strong>si</strong></span> 
     </span>
    </p>

    <p class='ocr_par' dir='ltr' id='par_1_6' title="bbox 78 2928 938 3224">
     <span class='ocr_line' id='line_1_26' title="bbox 78 2928 938 3016; baseline 0.001 -28"><span class='ocrx_word' id='word_1_146' title='bbox 78 2941 101 3006; x_wconf 83' lang='lat'><em>2</em></span> <span class='ocrx_word' id='word_1_147' title='bbox 121 2928 213 2988; x_wconf 89' lang='lat' dir='ltr'><strong>solus</strong></span> <span class='ocrx_word' id='word_1_148' title='bbox 225 2929 427 2993; x_wconf 83' lang='lat' dir='ltr'><strong>advenisset.</strong></span> <span class='ocrx_word' id='word_1_149' title='bbox 471 2931 524 2996; x_wconf 84' lang='lat' dir='ltr'><strong>Sic</strong></span> <span class='ocrx_word' id='word_1_150' title='bbox 542 2935 629 2995; x_wconf 88' lang='lat' dir='ltr'><strong>enim</strong></span> <span class='ocrx_word' id='word_1_151' title='bbox 640 2933 765 3016; x_wconf 82' lang='lat' dir='ltr'><strong>populo</strong></span> <span class='ocrx_word' id='word_1_152' title='bbox 780 2941 852 2991; x_wconf 87' lang='lat' dir='ltr'><strong>erat</strong></span> <span class='ocrx_word' id='word_1_153' title='bbox 863 2949 938 3012; x_wconf 88' lang='lat' dir='ltr'><strong>per·</strong></span> 
     </span>
     <span class='ocr_line' id='line_1_27' title="bbox 120 3038 938 3122; baseline 0.007 -32"><span class='ocrx_word' id='word_1_154' title='bbox 120 3050 257 3091; x_wconf 84' lang='lat' dir='ltr'><strong>suasum</strong></span> <span class='ocrx_word' id='word_1_155' title='bbox 268 3072 277 3104; x_wconf 90' lang='lat'><strong>,</strong></span> <span class='ocrx_word' id='word_1_156' title='bbox 306 3048 339 3097; x_wconf 87' lang='lat' dir='ltr'><strong>et</strong></span> <span class='ocrx_word' id='word_1_157' title='bbox 357 3038 515 3101; x_wconf 85' lang='lat' dir='ltr'><strong>adversas</strong></span> <span class='ocrx_word' id='word_1_158' title='bbox 541 3041 752 3122; x_wconf 82' lang='lat' dir='ltr'><strong>superiores,</strong></span> <span class='ocrx_word' id='word_1_159' title='bbox 792 3048 825 3097; x_wconf 83' lang='lat' dir='ltr'><strong>et</strong></span> <span class='ocrx_word' id='word_1_160' title='bbox 842 3055 938 3117; x_wconf 88' lang='lat' dir='ltr'><strong>prae·</strong></span> 
     </span>
     <span class='ocr_line' id='line_1_28' title="bbox 121 3123 938 3224; baseline 0.011 -31"><span class='ocrx_word' id='word_1_161' title='bbox 121 3146 232 3195; x_wconf 88' lang='lat' dir='ltr'><strong>sentes</strong></span> <span class='ocrx_word' id='word_1_162' title='bbox 260 3131 422 3206; x_wconf 87' lang='lat' dir='ltr'><strong>secundas</strong></span> <span class='ocrx_word' id='word_1_163' title='bbox 449 3123 503 3209; x_wconf 83' lang='lat' dir='ltr'><strong>res</strong></span> <span class='ocrx_word' id='word_1_164' title='bbox 534 3149 694 3209; x_wconf 79' lang='lat' dir='ltr'><strong>accidisse</strong></span> <span class='ocrx_word' id='word_1_165' title='bbox 721 3146 791 3222; x_wconf 86' lang='lat' dir='ltr'><strong>ejus</strong></span> <span class='ocrx_word' id='word_1_166' title='bbox 824 3141 938 3224; x_wconf 67' lang='lat' dir='ltr'><strong>opeda·</strong></span> 
     </span>
    </p>
   </div>
   <div class='ocr_carea' id='block_1_5' title="bbox 24 3241 938 3395">
    <p class='ocr_par' dir='ltr' id='par_1_7' title="bbox 24 3241 938 3395">
     <span class='ocr_line' id='line_1_29' title="bbox 24 3241 938 3329; baseline 0.011 -27"><span class='ocrx_word' id='word_1_167' title='bbox 24 3264 26 3269; x_wconf 66' lang='grc'>’</span> <span class='ocrx_word' id='word_1_168' title='bbox 121 3241 238 3328; x_wconf 85' lang='lat' dir='ltr'><strong>ltaque</strong></span> <span class='ocrx_word' id='word_1_169' title='bbox 257 3256 290 3307; x_wconf 89' lang='lat' dir='ltr'><strong>et</strong></span> <span class='ocrx_word' id='word_1_170' title='bbox 309 3249 444 3318; x_wconf 83' lang='lat' dir='ltr'><strong>Siciliae</strong></span> <span class='ocrx_word' id='word_1_171' title='bbox 461 3255 642 3329; x_wconf 88' lang='lat' dir='ltr'><strong>amissum,</strong></span> <span class='ocrx_word' id='word_1_172' title='bbox 665 3266 698 3315; x_wconf 91' lang='lat' dir='ltr'><strong>et</strong></span> <span class='ocrx_word' id='word_1_173' title='bbox 716 3251 938 3314; x_wconf 83' lang='lat' dir='ltr'><strong>Lacedaemo-</strong></span> 
     </span>
     <span class='ocr_line' id='line_1_30' title="bbox 656 3342 888 3395; baseline 0.009 -34"><span class='ocrx_word' id='word_1_174' title='bbox 656 3354 664 3395; x_wconf 55' lang='grc' dir='ltr'><strong><em>Ι</em></strong></span> <span class='ocrx_word' id='word_1_175' title='bbox 751 3342 755 3354; x_wconf 61' lang='grc'><strong>»</strong></span> <span class='ocrx_word' id='word_1_176' title='bbox 885 3356 888 3363; x_wconf 91' lang='grc'>.</span> 
     </span>
    </p>
   </div>
   <div class='ocr_carea' id='block_1_6' title="bbox 0 0 1056 3668">
    <p class='ocr_par' dir='ltr' id='par_1_8' title="bbox 0 0 1056 3668">
     <span class='ocr_line' id='line_1_31' title="bbox 0 0 1056 3668; baseline 0 0"><span class='ocrx_word' id='word_1_177' title='bbox 0 0 1056 3668; x_wconf 95' lang='lat' dir='ltr'><strong> </strong></span> 
     </span>
    </p>
   </div>
  </div>
 </body>
</html>
