2100 3668
220 225 289 287 xx.
320 219 627 305 rnrouaorc:
654 194 682 287 '1-
821 228 877 298 157
961 228 963 233 ⁴

14 464 17 469 .
56 406 139 470 huie
158 409 217 468 nui
237 408 395 489 contigit,
422 407 512 487 quod
530 405 643 466 nescio
662 420 703 464 an
731 402 811 475 ulli,
839 415 879 465 ut

10 528 37 579 .“
58 525 93 576 et
111 514 276 594 patriam,
305 515 339 572 in
356 533 421 593 qua
441 523 512 571 erat
534 521 650 582 natus,
683 530 881 590 oppressam

10 616 36 675 “,
57 632 241 695 styranno
258 621 433 691 liberaret,
457 631 489 679 et
508 637 526 678 a
543 613 737 691 Syracusis,
759 617 880 696 quibus
944 695 946 699 .

57 721 186 787 auxilio
210 736 282 811 crat
310 725 452 796 missus,
492 723 710 783 inveteratam
737 724 879 785 servitu.

54 841 126 890 tem
152 827 356 909 depelleret,
384 839 551 909 totamque
569 825 734 897 Siciliam,
755 828 879 889 nultos
901 838 926 874 ··'

10 996 13 1019 Ι
56 952 168 995 annos
188 934 283 1011 bello
301 948 451 995 vexatam
467 953 485 995 a
503 930 722 1012 barbarisque
739 918 904 1014 oppres·⁸
953 986 956 991 .

10 1036 41 1131 1
56 1058 152 1124 sam,
184 1058 243 1098 suo
269 1039 412 1099 adventu
432 1038 465 1096 in
479 1037 656 1119 pristinum
675 1040 875 1101 restitueret.

10 1168 14 1235 1
56 1144 125 1206 Sed
145 1146 180 1204 in
195 1144 248 1219 his
269 1148 370 1208 rebus
387 1166 457 1219 noo
482 1144 627 1224 simplici
645 1145 779 1206 ior-tuna
802 1160 921 1222 con-2

10 1266 22 1331 'l
55 1250 205 1314 flictatns
228 1265 297 1325 est,
330 1266 377 1325 et,
410 1254 445 1313 id
471 1253 560 1332 quod
593 1249 762 1311 difficilius
782 1262 901 1330 puta.

10 1382 12 1387 ·
54 1366 112 1419 tur
123 1395 133 1427 ‚
155 1355 260 1416 multo
275 1358 461 1438 sapientius
481 1359 558 1418 tulit
575 1358 765 1428 secundam,
779 1377 880 1436 quam
984 1405 988 1412 .

55 1463 234 1525 adversam
255 1454 434 1524 fortunam.
453 1462 550 1534 ¹Nam
564 1483 666 1540 quum
686 1461 789 1522 frater
807 1463 878 1537 ejus
898 1470 919 1534 5

10 1572 40 1611 -”“
55 1567 306 1651 Timophanes,
330 1569 396 1628 dux
414 1564 628 1629 aCorinthiia
648 1566 807 1637 delectus,
826 1581 880 1646 ty·
983 1590 986 1597 ¹

22 1754 27 1763 .
58 1675 233 1751 renuidem
256 1691 317 1754 per
331 1671 454 1733 militet
477 1674 699 1734 mercenarios
720 1693 880 1753 occupas·

10 1804 12 1813 ·
62 1792 129 1853 act,
164 1780 401 1861 particepsque
422 1779 519 1859 regni
544 1792 775 1860 possetesse:
807 1791 880 1840 tan·

55 1896 128 1947 tum
147 1885 297 1951 abluite
317 1884 474 1945 societate
495 1885 652 1957 sceleris,
687 1897 724 1945 ut
746 1896 876 1945 antetu-

10 2024 15 2067 3-
53 1990 135 2053 lecit
163 2007 300 2050 tuorum
327 1989 450 2051 civium
470 1991 665 2085 ‘libertatem
685 1990 798 2050 fratris
812 1997 888 2051 sai

10 2126 15 2157 r
53 2094 137 2169 luti,
160 2105 192 2154 et
209 2112 327 2175 parere
352 2096 503 2175 legibus,
522 2116 619 2175 quam
642 2095 807 2176 imperare
821 2117 881 2178 pas

10 2232 27 2259 ·.
55 2200 164 2273 triae,
195 2199 298 2261 ratius
321 2200 463 2262 duxerit.
507 2201 576 2262 Hac
597 2201 920 2284 menteperhar-ls
970 2254 979 2277 ,Ι
1010 2206 1013 2211 ’

57 2307 230 2388 aspicem,
267 2295 541 2387 commonensque
560 2309 733 2397 affinem,
751 2313 804 2370 cui.
826 2328 880 2371 so·
980 2290 983 2297 Ι

13 2472 16 2479 ,
56 2432 137 2486 ror,
160 2430 199 2472 ex
217 2412 343 2473 eisdem
358 2416 554 2493 parentibus
572 2430 661 2487 nata,
680 2429 783 2498 nupta
796 2430 877 2490 erat,

10 2552 19 2599 ς,
57 2519 198 2581 tranem
228 2529 408 2595 tyrannum
440 2521 707 2583 interficiendum
741 2521 879 2596 curavit.

10 2622 13 2641 ²
56 2623 137 2705 lpse
156 2643 221 2682 non
239 2624 338 2682 modo
366 2642 484 2687 manus
504 2648 569 2687 non
598 2627 733 2699 attulit,
761 2628 880 2687 sedne

57 2727 236 2811 adspicere
253 2728 388 2808 quidem
402 2729 587 2792 fraternum
606 2735 801 2812 sangninem
821 2753 881 2792 vo-

55 2836 133 2897 luit.
176 2835 282 2905 Nam,
314 2836 392 2896 dum
420 2856 474 2896 res
496 2837 735 2909 conficeretur,
763 2837 883 2916 procul

55 2939 92 2999 in
110 2940 282 3020 praesidio
311 2941 394 3013 snit,
429 2961 470 3002 ne
502 2944 576 3024 quis
604 2945 738 3031 satelles
766 2953 882 3025 posset

58 3065 265 3107 succurrere.
310 3048 380 3109 lloc
396 3051 703 3129 praeclarissimum
729 3052 801 3123 ejus
831 3050 921 3120 lua-6

58 3154 154 3215 cinus
169 3153 322 3235 nonpari
336 3156 434 3215 modo
453 3159 628 3234 probatum
650 3168 701 3216 ert
719 3160 760 3218 ab
773 3154 881 3217 omni.

55 3253 134 3345 lim·
177 3260 340 3323 Nonnulli
371 3261 459 3321 enim
483 3263 609 3326 laesam
635 3265 677 3324 ab
707 3281 744 3341 eo
772 3264 879 3347 psista-

10 774 18 817 l

997 1992 1013 2033 ιι
