2100 3668
187 214 248 279 ιιο
337 198 909 294 xunaorsrnausaz.

191 389 302 457 cebet,
331 383 422 464 quod
449 382 694 466 Tissaphernes
715 385 867 468 perjurio
888 404 947 447 suo
970 389 1033 449 et

188 486 341 551 homines
362 490 440 549 suis.
452 493 553 553 rebus
571 490 789 566 abalienaret,
812 502 845 553 et
863 492 942 553 deos
961 489 1022 551 si·-

69 672 81 687 Ι
188 597 225 663 bi
241 596 343 656 iratos
362 595 539 676 redderet3
562 614 597 655 se
616 607 727 665 autem
742 608 940 659 conservata
953 614 1013 657 re·

189 702 314 783 ligione
346 699 543 763 confirmare
572 701 773 787 exercitum,
803 721 910 784 quum
936 703 1003 767 ani·

90 832 99 841 ·
189 808 431 878 madverteret,
455 809 592 868 deorum
609 809 857 870 numenfaeere
877 828 998 878 seeum,
1039 818 1042 853 ³

189 910 410 992 hominesque
432 912 496 975 sibi
515 912 686 975 conciliari
703 915 899 989 amiciores,
920 911 1008 997 qual:
1037 900 1042 959 l

188 1015 242 1077 his
270 1018 404 1078 studere
431 1023 668 1097 consuessent,
700 1042 784 1104 quos
812 1032 998 1083 conservare
1040 1003 1042 1027 “

191 1125 295 1187 fidem
312 1124 474 1184 viderent.
705 1168 720 1199 ,

150 1337 203 1398 111
284 1334 466 1416 Postquam
489 1335 700 1399 induciarum
721 1335 1011 1418 praeteriistis,

95 1511 99 1518 ,
187 1444 373 1513 barbarus,
395 1459 462 1500 non
484 1443 662 1513 dubitans,
683 1444 774 1523 quod
788 1441 898 1522 ipsius
918 1450 1003 1505 erant
1027 1438 1031 1451 '

187 1545 336 1629 plurima
354 1545 525 1610 domicilia
542 1548 578 1607 in
596 1544 710 1620 Caria,
734 1560 768 1608 et
786 1568 825 1611 ea
838 1550 937 1631 regio
956 1547 1002 1611 his

186 1650 396 1733 temporibus
413 1653 519 1714 multo
535 1656 715 1734 putabatur
733 1652 1003 1734 locupletissima,
1040 1656 1042 1685 ¹

191 1775 229 1817 eo
241 1755 459 1837 potissimum
466 1755 581 1817 hostes
592 1739 756 1840 impetum
767 1761 930 1835 facturos,
942 1778 1004 1821 ons·

148 1874 171 1936 2
189 1878 248 1921 nes
260 1878 337 1921 suas
349 1859 461 1941 copias
474 1879 512 1918 eo
526 1872 748 1924 contraxerat.
773 1870 819 1924 At
830 1867 1003 1945 Agesilaus

188 1967 225 2029 in
233 1962 638 2061 Phrygiamseeonvertit,
657 1988 796 2050 eamque
802 1986 900 2049 prtns
908 1971 1042 2083 ricpe-

117 2051 121 2055 ¹
186 2056 323 2155 pulatus
342 2081 405 2144 est,
436 2090 536 2150 quam
545 2070 792 2156 Tissaphernes
813 2050 1042 2155 usquamtti

188 2190 351 2241 moveret.
393 2177 519 2259 Magna
535 2179 662 2260 praeda
679 2177 843 2241 militibus
861 2180 1004 2263 locuple·

188 2285 281 2358 tatis,
292 2282 463 2365 Ephesum
471 2282 656 2346 hiematum
671 2284 851 2345 exereitum
864 2285 1002 2358 reduxit,

189 2399 289 2469 atque
300 2388 350 2452 ihi
359 2390 503 2451 officinis
517 2409 687 2453 armorum
699 2389 876 2464 institutis,
889 2392 1018 2473 magna

191 2493 361 2557 industria
378 2493 506 2557 bellum
522 2497 706 2576 apparavit.
739 2495 782 2558 Et
798 2515 864 2577 quo
881 2495 1005 2558 studio·

189 2597 258 2658 sius
293 2610 514 2697 armarentup
531 2599 760 2682 insigniusque
790 2602 1005 2673 ornarentur,

189 2705 340 2785 praemia
351 2706 540 2787 proposuit,
562 2708 683 2788 quibus
698 2710 915 2785 donarentur,
929 2728 1005 2793 quo·

149 2821 170 2886 3
189 2812 414 2893 rumegregia
432 2816 467 2879 in
488 2834 528 2876 ea
542 2834 578 2875 re
597 2814 720 2876 fuisset
736 2815 918 2877 industria.
952 2815 1006 2874 re·
1029 2850 1032 2855 ·

190 2918 236 2979 cit
257 2917 404 2979 idem‘in
425 2918 708 2981 exercitationum
734 2921 936 3000 generibus,
957 2931 1005 2992 ut,

189 3025 248 3105 qui
263 3023 384 3085 ceteris
395 3026 655 3106 praestitissent,
679 3028 883 3107 eosmagnis
899 3028 1007 3090 affice·

190 3124 245 3191 ret
263 3130 473 3197 muneribus.
508 3130 570 3191 His
589 3132 694 3212 igitur
711 3128 812 3201 rebus
829 3128 955 3206 effecit,
974 3141 1009 3193 ut

154 3250 157 3259 ¹
193 3246 227 3296 et
247 3233 501 3300 ornatissimum
518 3246 551 3299 et
571 3238 889 3305 exercitatissimum
908 3237 1012 3307 habe·
