2100 3668
171 218 236 307 u.
265 164 688 276 raeursroctss.
719 223 749 279 1·
767 226 800 288 a.
868 228 909 291 ar
993 264 996 269 -
1035 182 1041 201 “

44 412 48 428 ·
109 401 249 484 ligentim
275 397 390 460 amicis
415 394 588 476 famaeque
618 394 779 456 serviens.
820 394 912 458 Mul.

44 468 58 531 ‘i
99 493 162 567 'tum
191 505 228 565 in
256 500 388 579 judiciis
405 500 544 582 privatis
567 503 780 584 versabatur3
810 500 922 586 saepe'

98 613 127 675 in
158 608 353 687 concionem
377 606 495 690 populi
517 607 695 687 prodibat3
733 608 827 672 nulla
854 630 911 672 res

98 719 199 796 major
218 715 289 776 sine
308 726 346 773 eo
366 714 555 793 gerebatur,
574 696 804 797 celeriterque,
821 735 907 798 quac

94 812 173 910 opus
205 831 313 894 erant,
353 816 552 901 reperiebat.
593 821 712 904 Neque
743 821 851 882 minus
874 825 948 899 intr

91 935 191 995 rebus
207 924 359 1008 gerendis
374 938 539 1007 promtus,
553 949 652 1010 quam
670 926 910 1006 excogitandis,

92 1047 186 1108 erat.
213 1029 304 1113 quod
327 1031 421 1091 etde
444 1030 645 1098 instantibus
673 1033 727 1114 (ut
744 1035 791 1096 ait
816 1031 912 1095 Thu.
982 1074 987 1083 .

90 1139 248 1221 cydides)
274 1135 446 1197 verissime
461 1139 650 1215 judicabat,
682 1137 771 1200 etde
788 1138 910 1199 futuris

92 1241 309 1309 callidissime
340 1241 546 1318 conjiciebat.
596 1244 670 1325 Quo
698 1245 822 1320 factum
847 1256 909 1319 est,

92 1363 126 1415 ut
142 1350 242 1415 brevi
259 1359 408 1427 tempore
428 1346 668 1411 illustraretur.
701 1336 705 1347 “

171 1558 307 1620 Primus
330 1570 439 1621 autem
456 1560 579 1640 gradus
596 1560 660 1621 fuit
675 1565 898 1644 capessendae
910 1561 946 1623 11

97 1666 296 1752 reipublicae
314 1664 404 1728 bello
431 1660 636 1738 Corcyraeo:
674 1669 716 1728 ad
738 1669 828 1748 quod
853 1687 910 1747 ge.
962 1670 968 1681 “

101 1774 234 1835 rendum
255 1780 390 1852 praetor
410 1787 429 1828 a
446 1768 571 1849 populo
590 1769 696 1831 factus
713 1792 780 1859 noa
798 1773 909 1835 solum

97 1875 263 1960 praesenti
280 1875 392 1949 bello,
425 1875 595 1939 sedetiam
612 1876 740 1959 reliquo
761 1891 910 1963 ternpore

96 1982 293 2046 ferociorem
308 1981 456 2041 reddidit
477 1981 652 2045 civitatem.
694 1987 781 2048 Nam
806 1999 949 2068 quum2
1032 2025 1036 2029 -

96 2089 234 2171 pecunia
247 2087 400 2170 publiea,
431 2106 514 2169 quae
535 2106 574 2148 ex
595 2091 738 2153 metallis
760 2066 903 2165 reditas}

98 2194 271 2276 largitione
288 2192 542 2272 magistratuum
559 2198 735 2276 quotannis
749 2198 924 2270 interiret,.
983 2188 989 2197 ’

98 2299 150 2361 ille
177 2300 346 2383 persuasit
359 2301 504 2382 populo,
525 2313 562 2362 ut
580 2323 618 2364 ea
634 2308 774 2385 pecunia
793 2302 913 2363 classis

99 2420 228 2468 eentum
246 2407 380 2468 navium
410 2407 651 2492 aedificaretur.
697 2405 773 2488 Qua
795 2406 951 2479 celeri-5

99 2520 144 2573 ter
162 2513 293 2585 effecta,
312 2514 457 2593 primum
471 2510 672 2590 Corcyraeos
685 2513 802 2592 fregit,
817 2513 913 2574 dein·

100 2617 141 2679 dc.
155 2618 340 2679 maritimos
364 2619 549 2700 praedones
576 2616 795 2679 consectando
818 2638 911 2680 mare
1018 2613 1021 2617 ’

99 2733 203 2786 tutum
223 2724 380 2786 reddidit.
428 2725 466 2784 In
488 2743 553 2804 quo
579 2743 680 2803 quum
709 2722 833 2784 divitiis
855 2743 914 2783 or-

58 2870 62 2878 ·
99 2829 203 2902 navit,
234 2840 305 2888 tum
322 2830 421 2890 etiarn
443 2830 664 2912 peritissimos
683 2828 764 2891 belli
781 2828 910 2891 navalis

99 2935 175 2997 lecit
197 2933 431 2996 Athenienses.
474 2935 513 2996 ld
528 2947 670 3016 quantae
693 2932 793 2994 saluti
809 2932 949 3007 suerit&

99 3041 274 3100 universae
291 3038 465 3114 Graeciae,
486 3041 575 3103 bello
590 3040 758 3120 cognitum
773 3050 824 3100 est
834 3040 913 3098 Per-

86 3148 189 3222 sico,
211 3166 312 3227 quum
331 3146 457 3207 Xerxes
474 3150 608 3211 otmari
628 3160 660 3209 et
677 3159 768 3210 terra
785 3145 913 3208 bellum

100 3254 273 3316 universae
290 3253 432 3318 inferret
448 3251 600 3336 Europae
615 3273 697 3315 eum
728 3251 829 3321 tantis
856 3270 912 3313 eo-
