<?xml version="1.0" encoding="UTF-8"?>
<!DOCTYPE html PUBLIC "-//W3C//DTD XHTML 1.0 Transitional//EN"
    "http://www.w3.org/TR/xhtml1/DTD/xhtml1-transitional.dtd">
<html xmlns="http://www.w3.org/1999/xhtml" xml:lang="en" lang="en">
 <head>
  <title>
</title>
<meta http-equiv="Content-Type" content="text/html;charset=utf-8" />
  <meta name='ocr-system' content='tesseract 3.04.00' />
  <meta name='ocr-capabilities' content='ocr_page ocr_carea ocr_par ocr_line ocrx_word'/>
</head>
<body>
  <div class='ocr_page' id='page_1' title='image "./corneliinepotis03nepogoog_0043.png"; bbox 0 0 2086 3676; ppageno 0'>
   <div class='ocr_carea' id='block_1_1' title="bbox 187 207 898 297">
    <p class='ocr_par' dir='ltr' id='par_1_1' title="bbox 187 207 898 297">
     <span class='ocr_line' id='line_1_1' title="bbox 187 207 898 297; baseline 0.001 -24"><span class='ocrx_word' id='word_1_1' title='bbox 187 224 230 297; x_wconf 67' lang='lat' dir='ltr'><strong>tt</strong></span> <span class='ocrx_word' id='word_1_2' title='bbox 290 214 338 273; x_wconf 92' lang='grc' dir='ltr'><strong>ιι.</strong></span> <span class='ocrx_word' id='word_1_3' title='bbox 368 207 795 275; x_wconf 81' lang='lat' dir='ltr'><strong>raamsroctas.</strong></span> <span class='ocrx_word' id='word_1_4' title='bbox 816 223 846 285; x_wconf 85' lang='lat'><strong>7.</strong></span> <span class='ocrx_word' id='word_1_5' title='bbox 866 221 898 286; x_wconf 75' lang='lat' dir='ltr'><strong>n.</strong></span> 
     </span>
    </p>
   </div>
   <div class='ocr_carea' id='block_1_2' title="bbox 127 392 1008 696">
    <p class='ocr_par' dir='ltr' id='par_1_2' title="bbox 127 392 1008 696">
     <span class='ocr_line' id='line_1_2' title="bbox 193 392 1008 475; baseline -0.001 -18"><span class='ocrx_word' id='word_1_6' title='bbox 193 398 336 471; x_wconf 83' lang='lat' dir='ltr'><strong>vellent,</strong></span> <span class='ocrx_word' id='word_1_7' title='bbox 364 398 447 475; x_wconf 82' lang='lat' dir='ltr'><strong>&#39;quos</strong></span> <span class='ocrx_word' id='word_1_8' title='bbox 470 392 616 457; x_wconf 74' lang='lat' dir='ltr'><strong>amenas</strong></span> <span class='ocrx_word' id='word_1_9' title='bbox 632 393 813 469; x_wconf 81' lang='lat' dir='ltr'><strong>miserant,</strong></span> <span class='ocrx_word' id='word_1_10' title='bbox 841 413 878 455; x_wconf 86' lang='lat' dir='ltr'><strong>se</strong></span> <span class='ocrx_word' id='word_1_11' title='bbox 894 395 1008 457; x_wconf 84' lang='lat' dir='ltr'><strong>remit·</strong></span> 
     </span>
     <span class='ocr_line' id='line_1_3' title="bbox 127 501 1008 595; baseline -0.008 -26"><span class='ocrx_word' id='word_1_12' title='bbox 127 578 132 595; x_wconf 37' lang='grc' dir='ltr'><strong><em>Ι</em></strong></span> <span class='ocrx_word' id='word_1_13' title='bbox 191 517 318 576; x_wconf 85' lang='lat' dir='ltr'><strong>terent,</strong></span> <span class='ocrx_word' id='word_1_14' title='bbox 348 501 444 563; x_wconf 86' lang='lat' dir='ltr'><strong>aliter</strong></span> <span class='ocrx_word' id='word_1_15' title='bbox 456 501 727 581; x_wconf 86' lang='lat' dir='ltr'><strong>illos-numquam</strong></span> <span class='ocrx_word' id='word_1_16' title='bbox 744 504 778 563; x_wconf 89' lang='lat' dir='ltr'><strong>in</strong></span> <span class='ocrx_word' id='word_1_17' title='bbox 793 503 940 586; x_wconf 87' lang='lat' dir='ltr'><strong>patriam</strong></span> <span class='ocrx_word' id='word_1_18' title='bbox 959 521 1008 563; x_wconf 87' lang='lat' dir='ltr'><strong>re·</strong></span> 
     </span>
     <span class='ocr_line' id='line_1_4' title="bbox 192 596 410 696; baseline -0.046 -20"><span class='ocrx_word' id='word_1_19' title='bbox 192 610 332 696; x_wconf 82' lang='lat' dir='ltr'><strong>cepturi.</strong></span> <span class='ocrx_word' id='word_1_20' title='bbox 404 596 410 603; x_wconf 59' lang='grc'><em>’</em></span> 
     </span>
    </p>
   </div>
   <div class='ocr_carea' id='block_1_3' title="bbox 77 817 1041 3225">
    <p class='ocr_par' dir='ltr' id='par_1_3' title="bbox 155 817 1009 1222">
     <span class='ocr_line' id='line_1_5' title="bbox 155 817 1008 898; baseline 0 -16"><span class='ocrx_word' id='word_1_21' title='bbox 155 818 238 882; x_wconf 87' lang='lat' dir='ltr'><strong>Viil</strong></span> <span class='ocrx_word' id='word_1_22' title='bbox 322 817 447 879; x_wconf 85' lang='lat' dir='ltr'><strong>Tamen</strong></span> <span class='ocrx_word' id='word_1_23' title='bbox 458 837 524 878; x_wconf 90' lang='lat' dir='ltr'><strong>nou</strong></span> <span class='ocrx_word' id='word_1_24' title='bbox 540 818 788 898; x_wconf 79' lang='lat' dir='ltr'><strong>effugitoivium</strong></span> <span class='ocrx_word' id='word_1_25' title='bbox 808 841 949 884; x_wconf 86' lang='lat' dir='ltr'><strong>suorum</strong></span> <span class='ocrx_word' id='word_1_26' title='bbox 961 823 1008 882; x_wconf 84' lang='lat' dir='ltr'><strong>in·</strong></span> 
     </span>
     <span class='ocr_line' id='line_1_6' title="bbox 192 916 1009 1008; baseline 0 -22"><span class='ocrx_word' id='word_1_27' title='bbox 192 922 328 988; x_wconf 88' lang='lat' dir='ltr'><strong>vidiam.</strong></span> <span class='ocrx_word' id='word_1_28' title='bbox 369 927 520 1005; x_wconf 84' lang='lat' dir='ltr'><strong>Namque</strong></span> <span class='ocrx_word' id='word_1_29' title='bbox 530 928 573 987; x_wconf 89' lang='lat' dir='ltr'><strong>ob</strong></span> <span class='ocrx_word' id='word_1_30' title='bbox 591 916 745 987; x_wconf 72' lang='lat' dir='ltr'><strong>eumdem</strong></span> <span class='ocrx_word' id='word_1_31' title='bbox 755 927 925 1000; x_wconf 82' lang='lat' dir='ltr'><strong>timorem,</strong></span> <span class='ocrx_word' id='word_1_32' title='bbox 947 945 1009 1008; x_wconf 87' lang='lat' dir='ltr'><strong>quo</strong></span> 
     </span>
     <span class='ocr_line' id='line_1_7' title="bbox 192 1030 1011 1103; baseline 0 -7"><span class='ocrx_word' id='word_1_33' title='bbox 192 1036 368 1096; x_wconf 83' lang='lat' dir='ltr'><strong>damnatus</strong></span> <span class='ocrx_word' id='word_1_34' title='bbox 389 1044 459 1093; x_wconf 77' lang='lat' dir='ltr'><strong>erat</strong></span> <span class='ocrx_word' id='word_1_35' title='bbox 483 1030 683 1103; x_wconf 80' lang='lat' dir='ltr'><strong>Miltiades,</strong></span> <span class='ocrx_word' id='word_1_36' title='bbox 700 1044 863 1094; x_wconf 83' lang='lat' dir='ltr'><strong>testarum</strong></span> <span class='ocrx_word' id='word_1_37' title='bbox 888 1035 1011 1097; x_wconf 73' lang='lat' dir='ltr'><strong>suffra·</strong></span> 
     </span>
     <span class='ocr_line' id='line_1_8' title="bbox 191 1134 1010 1222; baseline 0.005 -24"><span class='ocrx_word' id='word_1_38' title='bbox 191 1142 253 1222; x_wconf 85' lang='lat' dir='ltr'><strong>giis</strong></span> <span class='ocrx_word' id='word_1_39' title='bbox 272 1159 288 1200; x_wconf 90' lang='lat' dir='ltr'><strong>e</strong></span> <span class='ocrx_word' id='word_1_40' title='bbox 307 1134 588 1211; x_wconf 82' lang='lat' dir='ltr'><strong>eivitate&#39;cjectus,</strong></span> <span class='ocrx_word' id='word_1_41' title='bbox 608 1142 715 1219; x_wconf 82' lang='lat' dir='ltr'><strong>Argos</strong></span> <span class='ocrx_word' id='word_1_42' title='bbox 734 1136 923 1202; x_wconf 85' lang='lat' dir='ltr'><strong>habitatum</strong></span> <span class='ocrx_word' id='word_1_43' title='bbox 935 1162 1010 1204; x_wconf 89' lang='lat' dir='ltr'><strong>con·</strong></span> 
     </span>
    </p>

    <p class='ocr_par' dir='ltr' id='par_1_4' title="bbox 152 1225 1009 1542">
     <span class='ocr_line' id='line_1_9' title="bbox 152 1225 1009 1326; baseline -0.001 -17"><span class='ocrx_word' id='word_1_44' title='bbox 152 1259 172 1321; x_wconf 86' lang='lat'><strong>2</strong></span> <span class='ocrx_word' id='word_1_45' title='bbox 193 1247 303 1309; x_wconf 87' lang='lat' dir='ltr'><strong>cessit</strong></span> <span class='ocrx_word' id='word_1_46' title='bbox 345 1245 407 1305; x_wconf 85' lang='lat' dir='ltr'><strong>Hic</strong></span> <span class='ocrx_word' id='word_1_47' title='bbox 430 1263 531 1324; x_wconf 90' lang='lat' dir='ltr'><strong>quum</strong></span> <span class='ocrx_word' id='word_1_48' title='bbox 545 1256 683 1326; x_wconf 88' lang='lat' dir='ltr'><strong>propter</strong></span> <span class='ocrx_word' id='word_1_49' title='bbox 702 1225 825 1307; x_wconf 82' lang='lat' dir='ltr'><strong>inultas</strong></span> <span class='ocrx_word' id='word_1_50' title='bbox 851 1246 926 1321; x_wconf 79' lang='lat' dir='ltr'><strong>eius</strong></span> <span class='ocrx_word' id='word_1_51' title='bbox 946 1248 1009 1308; x_wconf 85' lang='lat' dir='ltr'><strong>vir·</strong></span> 
     </span>
     <span class='ocr_line' id='line_1_10' title="bbox 189 1350 1009 1430; baseline 0.001 -16"><span class='ocrx_word' id='word_1_52' title='bbox 189 1363 277 1414; x_wconf 86' lang='lat' dir='ltr'><strong>tutes</strong></span> <span class='ocrx_word' id='word_1_53' title='bbox 303 1368 424 1430; x_wconf 83' lang='lat' dir='ltr'><strong>magna</strong></span> <span class='ocrx_word' id='word_1_54' title='bbox 451 1370 525 1409; x_wconf 86' lang='lat' dir='ltr'><strong>oum</strong></span> <span class='ocrx_word' id='word_1_55' title='bbox 547 1350 707 1427; x_wconf 81' lang='lat' dir='ltr'><strong>dignitate</strong></span> <span class='ocrx_word' id='word_1_56' title='bbox 732 1352 878 1426; x_wconf 74' lang='lat' dir='ltr'><strong>viveret,</strong></span> <span class='ocrx_word' id='word_1_57' title='bbox 910 1351 1009 1415; x_wconf 85' lang='lat' dir='ltr'><strong>Lace-</strong></span> 
     </span>
     <span class='ocr_line' id='line_1_11' title="bbox 192 1448 1008 1542; baseline 0 -23"><span class='ocrx_word' id='word_1_58' title='bbox 192 1456 360 1519; x_wconf 86' lang='lat' dir='ltr'><strong>daemonii</strong></span> <span class='ocrx_word' id='word_1_59' title='bbox 392 1456 520 1536; x_wconf 85' lang='lat' dir='ltr'><strong>legatos</strong></span> <span class='ocrx_word' id='word_1_60' title='bbox 550 1453 697 1518; x_wconf 76' lang='lat' dir='ltr'><strong>Athenas</strong></span> <span class='ocrx_word' id='word_1_61' title='bbox 733 1448 915 1531; x_wconf 68' lang='lat' dir='ltr'><strong>miserunt,</strong></span> <span class='ocrx_word' id='word_1_62' title='bbox 956 1448 1008 1542; x_wconf 66' lang='lat' dir='ltr'><strong>qui</strong></span> 
     </span>
    </p>

    <p class='ocr_par' dir='ltr' id='par_1_5' title="bbox 77 1550 1002 1655">
     <span class='ocr_line' id='line_1_12' title="bbox 77 1550 1002 1655; baseline -0.001 -29"><span class='ocrx_word' id='word_1_63' title='bbox 77 1567 83 1574; x_wconf 88' lang='lat'>&#39;</span> <span class='ocrx_word' id='word_1_64' title='bbox 192 1582 267 1626; x_wconf 88' lang='lat' dir='ltr'><strong>eum</strong></span> <span class='ocrx_word' id='word_1_65' title='bbox 285 1564 456 1626; x_wconf 76' lang='lat' dir='ltr'><strong>absentem</strong></span> <span class='ocrx_word' id='word_1_66' title='bbox 475 1550 686 1633; x_wconf 58' lang='lat' dir='ltr'><strong>accusarent.</strong></span> <span class='ocrx_word' id='word_1_67' title='bbox 708 1566 796 1642; x_wconf 83' lang='lat' dir='ltr'><strong>quod</strong></span> <span class='ocrx_word' id='word_1_68' title='bbox 818 1566 1002 1655; x_wconf 63' lang='lat' dir='ltr'><strong>societatpm</strong></span> 
     </span>
    </p>

    <p class='ocr_par' dir='ltr' id='par_1_6' title="bbox 157 1658 1005 1752">
     <span class='ocr_line' id='line_1_13' title="bbox 157 1658 1005 1752; baseline 0.006 -23"><span class='ocrx_word' id='word_1_69' title='bbox 157 1658 161 1663; x_wconf 45' lang='lat'>¹</span> <span class='ocrx_word' id='word_1_70' title='bbox 192 1692 266 1734; x_wconf 85' lang='lat' dir='ltr'><strong>oum</strong></span> <span class='ocrx_word' id='word_1_71' title='bbox 284 1689 362 1750; x_wconf 87' lang='lat' dir='ltr'><strong>rege</strong></span> <span class='ocrx_word' id='word_1_72' title='bbox 380 1662 557 1729; x_wconf 79' lang='lat' dir='ltr'><strong>Persarum</strong></span> <span class='ocrx_word' id='word_1_73' title='bbox 575 1666 617 1724; x_wconf 88' lang='lat' dir='ltr'><strong>ad</strong></span> <span class='ocrx_word' id='word_1_74' title='bbox 630 1663 801 1729; x_wconf 84' lang='lat' dir='ltr'><strong>Graeciam</strong></span> <span class='ocrx_word' id='word_1_75' title='bbox 818 1675 1005 1752; x_wconf 73' lang='lat' dir='ltr'><strong>opprimen-</strong></span> 
     </span>
    </p>

    <p class='ocr_par' dir='ltr' id='par_1_7' title="bbox 151 1759 1015 2279">
     <span class='ocr_line' id='line_1_14' title="bbox 151 1759 1010 1860; baseline 0.001 -21"><span class='ocrx_word' id='word_1_76' title='bbox 151 1759 268 1848; x_wconf 56' lang='lat' dir='ltr'><strong>{dam</strong></span> <span class='ocrx_word' id='word_1_77' title='bbox 291 1776 436 1835; x_wconf 85' lang='lat' dir='ltr'><strong>fecisset.</strong></span> <span class='ocrx_word' id='word_1_78' title='bbox 486 1772 557 1834; x_wconf 85' lang='lat' dir='ltr'><strong>Hoc</strong></span> <span class='ocrx_word' id='word_1_79' title='bbox 584 1771 722 1832; x_wconf 89' lang='lat' dir='ltr'><strong>crimine</strong></span> <span class='ocrx_word' id='word_1_80' title='bbox 749 1777 870 1835; x_wconf 78' lang='lat' dir='ltr'><strong>absens</strong></span> <span class='ocrx_word' id='word_1_81' title='bbox 897 1778 1010 1860; x_wconf 86' lang='lat' dir='ltr'><strong>prodi·</strong></span> 
     </span>
     <span class='ocr_line' id='line_1_15' title="bbox 190 1876 1013 1965; baseline 0.005 -23"><span class='ocrx_word' id='word_1_82' title='bbox 190 1882 292 1942; x_wconf 87' lang='lat' dir='ltr'><strong>tionis</strong></span> <span class='ocrx_word' id='word_1_83' title='bbox 311 1893 362 1940; x_wconf 85' lang='lat' dir='ltr'><strong>est</strong></span> <span class='ocrx_word' id='word_1_84' title='bbox 383 1881 572 1939; x_wconf 88' lang='lat' dir='ltr'><strong>damnatus.</strong></span> <span class='ocrx_word' id='word_1_85' title='bbox 618 1876 658 1935; x_wconf 90' lang='lat' dir='ltr'><strong>ld</strong></span> <span class='ocrx_word' id='word_1_86' title='bbox 682 1889 720 1938; x_wconf 90' lang='lat' dir='ltr'><strong>ut</strong></span> <span class='ocrx_word' id='word_1_87' title='bbox 741 1879 889 1954; x_wconf 87' lang='lat' dir='ltr'><strong>audivit,</strong></span> <span class='ocrx_word' id='word_1_88' title='bbox 923 1883 1013 1965; x_wconf 75' lang='lat' dir='ltr'><strong>quod</strong></span> 
     </span>
     <span class='ocr_line' id='line_1_16' title="bbox 191 1983 1013 2066; baseline 0.005 -18"><span class='ocrx_word' id='word_1_89' title='bbox 191 1986 350 2048; x_wconf 83' lang='lat' dir='ltr'><strong>nonsatis</strong></span> <span class='ocrx_word' id='word_1_90' title='bbox 369 1996 478 2045; x_wconf 90' lang='lat' dir='ltr'><strong>tutum</strong></span> <span class='ocrx_word' id='word_1_91' title='bbox 494 2003 528 2045; x_wconf 89' lang='lat' dir='ltr'><strong>se</strong></span> <span class='ocrx_word' id='word_1_92' title='bbox 547 1985 645 2066; x_wconf 82' lang='lat' dir='ltr'><strong>Argis</strong></span> <span class='ocrx_word' id='word_1_93' title='bbox 664 1983 810 2056; x_wconf 83' lang='lat' dir='ltr'><strong>videbat,</strong></span> <span class='ocrx_word' id='word_1_94' title='bbox 830 1985 1013 2064; x_wconf 80' lang='lat' dir='ltr'><strong>Corcyram</strong></span> 
     </span>
     <span class='ocr_line' id='line_1_17' title="bbox 191 2078 1013 2172; baseline 0 -17"><span class='ocrx_word' id='word_1_95' title='bbox 191 2091 400 2172; x_wconf 83' lang='lat' dir='ltr'><strong>demigravit.</strong></span> <span class='ocrx_word' id='word_1_96' title='bbox 444 2078 496 2152; x_wconf 75' lang='lat' dir='ltr'><strong>lbi</strong></span> <span class='ocrx_word' id='word_1_97' title='bbox 515 2110 617 2171; x_wconf 79' lang='lat' dir='ltr'><strong>quum</strong></span> <span class='ocrx_word' id='word_1_98' title='bbox 639 2093 710 2167; x_wconf 83' lang='lat' dir='ltr'><strong>ejus</strong></span> <span class='ocrx_word' id='word_1_99' title='bbox 739 2088 1013 2171; x_wconf 74' lang='lat' dir='ltr'><strong>principes&#39;cisi-</strong></span> 
     </span>
     <span class='ocr_line' id='line_1_18' title="bbox 189 2195 1015 2279; baseline 0.002 -20"><span class='ocrx_word' id='word_1_100' title='bbox 189 2199 267 2259; x_wconf 86' lang='lat' dir='ltr'><strong>tatis</strong></span> <span class='ocrx_word' id='word_1_101' title='bbox 286 2196 577 2257; x_wconf 85' lang='lat' dir='ltr'><strong>animadvertisset</strong></span> <span class='ocrx_word' id='word_1_102' title='bbox 596 2195 735 2269; x_wconf 86' lang='lat' dir='ltr'><strong>timere,</strong></span> <span class='ocrx_word' id='word_1_103' title='bbox 762 2216 803 2255; x_wconf 89' lang='lat' dir='ltr'><strong>ne</strong></span> <span class='ocrx_word' id='word_1_104' title='bbox 822 2210 964 2279; x_wconf 87' lang='lat' dir='ltr'><strong>propter</strong></span> <span class='ocrx_word' id='word_1_105' title='bbox 980 2219 1015 2261; x_wconf 84' lang='lat' dir='ltr'><strong>sc</strong></span> 
     </span>
    </p>

    <p class='ocr_par' dir='ltr' id='par_1_8' title="bbox 163 2288 1041 2596">
     <span class='ocr_line' id='line_1_19' title="bbox 163 2288 1015 2368; baseline -0.005 -1"><span class='ocrx_word' id='word_1_106' title='bbox 163 2288 170 2298; x_wconf 61' lang='grc'><strong>’</strong></span> <span class='ocrx_word' id='word_1_107' title='bbox 190 2306 316 2368; x_wconf 78' lang='lat' dir='ltr'><strong>bellum</strong></span> <span class='ocrx_word' id='word_1_108' title='bbox 333 2303 387 2362; x_wconf 87' lang='lat' dir='ltr'><strong>his</strong></span> <span class='ocrx_word' id='word_1_109' title='bbox 406 2294 660 2364; x_wconf 87' lang='lat' dir='ltr'><strong>Lacedaemonii</strong></span> <span class='ocrx_word' id='word_1_110' title='bbox 678 2312 711 2362; x_wconf 88' lang='lat' dir='ltr'><strong>et</strong></span> <span class='ocrx_word' id='word_1_111' title='bbox 720 2299 943 2362; x_wconf 83' lang='lat' dir='ltr'><strong>Athenienses</strong></span> <span class='ocrx_word' id='word_1_112' title='bbox 963 2305 1015 2364; x_wconf 88' lang='lat' dir='ltr'><strong>in·</strong></span> 
     </span>
     <span class='ocr_line' id='line_1_20' title="bbox 192 2397 1041 2486; baseline 0.004 -16"><span class='ocrx_word' id='word_1_113' title='bbox 192 2408 360 2486; x_wconf 66' lang='lat' dir='ltr'><strong>dicerem</strong></span> <span class='ocrx_word' id='word_1_114' title='bbox 400 2397 664 2480; x_wconf 74' lang='lat' dir='ltr'><strong>adnumerum,</strong></span> <span class='ocrx_word' id='word_1_115' title='bbox 708 2405 936 2471; x_wconf 86' lang='lat' dir='ltr'><strong>Molossorum</strong></span> <span class='ocrx_word' id='word_1_116' title='bbox 960 2430 1041 2473; x_wconf 90' lang='lat' dir='ltr'><strong>re·-</strong></span> 
     </span>
     <span class='ocr_line' id='line_1_21' title="bbox 192 2511 1014 2596; baseline 0 -23"><span class='ocrx_word' id='word_1_117' title='bbox 192 2531 285 2593; x_wconf 84' lang='lat' dir='ltr'><strong>gem‚</strong></span> <span class='ocrx_word' id='word_1_118' title='bbox 312 2534 386 2575; x_wconf 88' lang='lat' dir='ltr'><strong>cum</strong></span> <span class='ocrx_word' id='word_1_119' title='bbox 405 2534 470 2595; x_wconf 84' lang='lat' dir='ltr'><strong>quo</strong></span> <span class='ocrx_word' id='word_1_120' title='bbox 493 2514 523 2573; x_wconf 93' lang='lat' dir='ltr'><strong>ei</strong></span> <span class='ocrx_word' id='word_1_121' title='bbox 538 2511 722 2593; x_wconf 88' lang='lat' dir='ltr'><strong>hospitium</strong></span> <span class='ocrx_word' id='word_1_122' title='bbox 738 2524 828 2586; x_wconf 86' lang='lat' dir='ltr'><strong>erat,</strong></span> <span class='ocrx_word' id='word_1_123' title='bbox 850 2514 1014 2596; x_wconf 83' lang='lat' dir='ltr'><strong>confugit.</strong></span> 
     </span>
    </p>

    <p class='ocr_par' dir='ltr' id='par_1_9' title="bbox 151 2617 1019 2805">
     <span class='ocr_line' id='line_1_22' title="bbox 151 2617 1016 2700; baseline 0.005 -24"><span class='ocrx_word' id='word_1_124' title='bbox 151 2617 265 2699; x_wconf 56' lang='lat' dir='ltr'><strong>aidus</strong></span> <span class='ocrx_word' id='word_1_125' title='bbox 285 2640 386 2699; x_wconf 91' lang='lat' dir='ltr'><strong>quum</strong></span> <span class='ocrx_word' id='word_1_126' title='bbox 410 2620 577 2691; x_wconf 82' lang='lat' dir='ltr'><strong>venisset,</strong></span> <span class='ocrx_word' id='word_1_127' title='bbox 617 2630 650 2679; x_wconf 89' lang='lat' dir='ltr'><strong>et</strong></span> <span class='ocrx_word' id='word_1_128' title='bbox 676 2621 711 2678; x_wconf 88' lang='lat' dir='ltr'><strong>iu</strong></span> <span class='ocrx_word' id='word_1_129' title='bbox 736 2619 929 2700; x_wconf 86' lang='lat' dir='ltr'><strong>praesentia</strong></span> <span class='ocrx_word' id='word_1_130' title='bbox 952 2637 1016 2680; x_wconf 78' lang='lat' dir='ltr'><strong>rex</strong></span> 
     </span>
     <span class='ocr_line' id='line_1_23' title="bbox 192 2723 1019 2805; baseline 0.001 -19"><span class='ocrx_word' id='word_1_131' title='bbox 192 2726 345 2799; x_wconf 82' lang='lat' dir='ltr'><strong>abesset,</strong></span> <span class='ocrx_word' id='word_1_132' title='bbox 373 2744 438 2803; x_wconf 90' lang='lat' dir='ltr'><strong>quo</strong></span> <span class='ocrx_word' id='word_1_133' title='bbox 460 2723 769 2804; x_wconf 82' lang='lat' dir='ltr'><strong>maiore-reiigione</strong></span> <span class='ocrx_word' id='word_1_134' title='bbox 787 2742 823 2782; x_wconf 85' lang='lat' dir='ltr'><strong>se</strong></span> <span class='ocrx_word' id='word_1_135' title='bbox 841 2729 1019 2805; x_wconf 77' lang='lat' dir='ltr'><strong>receptum</strong></span> 
     </span>
    </p>

    <p class='ocr_par' dir='ltr' id='par_1_10' title="bbox 93 2820 1017 2911">
     <span class='ocr_line' id='line_1_24' title="bbox 93 2820 1017 2911; baseline 0.004 -23"><span class='ocrx_word' id='word_1_136' title='bbox 93 2892 97 2904; x_wconf 61' lang='grc'>,</span> <span class='ocrx_word' id='word_1_137' title='bbox 192 2838 358 2903; x_wconf 87' lang='lat' dir='ltr'><strong>tueretur,</strong></span> <span class='ocrx_word' id='word_1_138' title='bbox 386 2828 491 2890; x_wconf 80' lang='lat' dir='ltr'><strong>tiliam</strong></span> <span class='ocrx_word' id='word_1_139' title='bbox 511 2828 584 2904; x_wconf 86' lang='lat' dir='ltr'><strong>ejus</strong></span> <span class='ocrx_word' id='word_1_140' title='bbox 598 2829 772 2910; x_wconf 84' lang='lat' dir='ltr'><strong>parvulam</strong></span> <span class='ocrx_word' id='word_1_141' title='bbox 793 2828 951 2911; x_wconf 89' lang='lat' dir='ltr'><strong>arripuit,</strong></span> <span class='ocrx_word' id='word_1_142' title='bbox 983 2820 1017 2892; x_wconf 77' lang='lat' dir='ltr'><strong>ic</strong></span> 
     </span>
    </p>

    <p class='ocr_par' dir='ltr' id='par_1_11' title="bbox 191 2933 1015 3027">
     <span class='ocr_line' id='line_1_25' title="bbox 191 2933 1015 3027; baseline 0 -35"><span class='ocrx_word' id='word_1_143' title='bbox 191 2952 265 2992; x_wconf 86' lang='lat' dir='ltr'><strong>cum</strong></span> <span class='ocrx_word' id='word_1_144' title='bbox 287 2952 325 2994; x_wconf 89' lang='lat' dir='ltr'><strong>ea</strong></span> <span class='ocrx_word' id='word_1_145' title='bbox 341 2952 377 2993; x_wconf 90' lang='lat' dir='ltr'><strong>se</strong></span> <span class='ocrx_word' id='word_1_146' title='bbox 396 2935 430 2994; x_wconf 90' lang='lat' dir='ltr'><strong>in</strong></span> <span class='ocrx_word' id='word_1_147' title='bbox 449 2933 652 3008; x_wconf 86' lang='lat' dir='ltr'><strong>sacrarium,</strong></span> <span class='ocrx_word' id='word_1_148' title='bbox 679 2936 769 3014; x_wconf 77' lang='lat' dir='ltr'><strong>quod</strong></span> <span class='ocrx_word' id='word_1_149' title='bbox 799 2950 930 2994; x_wconf 87' lang='lat' dir='ltr'><strong>summa</strong></span> <span class='ocrx_word' id='word_1_150' title='bbox 958 2955 1015 3027; x_wconf 57' lang='lat'><strong>9⁰.-</strong></span> 
     </span>
    </p>

    <p class='ocr_par' dir='ltr' id='par_1_12' title="bbox 112 3035 1014 3122">
     <span class='ocr_line' id='line_1_26' title="bbox 112 3035 1014 3122; baseline 0.008 -28"><span class='ocrx_word' id='word_1_151' title='bbox 112 3044 116 3051; x_wconf 84' lang='grc'><strong>“</strong></span> <span class='ocrx_word' id='word_1_152' title='bbox 189 3035 322 3097; x_wconf 89' lang='lat' dir='ltr'><strong>lebatur</strong></span> <span class='ocrx_word' id='word_1_153' title='bbox 333 3039 546 3110; x_wconf 87' lang='lat' dir='ltr'><strong>caerimonia,</strong></span> <span class='ocrx_word' id='word_1_154' title='bbox 562 3041 712 3114; x_wconf 86' lang='lat' dir='ltr'><strong>conjecit.</strong></span> <span class='ocrx_word' id='word_1_155' title='bbox 747 3040 904 3101; x_wconf 89' lang='lat' dir='ltr'><strong>ludenon</strong></span> <span class='ocrx_word' id='word_1_156' title='bbox 915 3043 1014 3122; x_wconf 89' lang='lat' dir='ltr'><strong>prius</strong></span> 
     </span>
    </p>

    <p class='ocr_par' dir='ltr' id='par_1_13' title="bbox 192 3119 1013 3225">
     <span class='ocr_line' id='line_1_27' title="bbox 192 3119 1013 3225; baseline 0.01 -24"><span class='ocrx_word' id='word_1_157' title='bbox 192 3160 346 3222; x_wconf 83' lang='lat' dir='ltr'><strong>egressus</strong></span> <span class='ocrx_word' id='word_1_158' title='bbox 363 3156 429 3217; x_wconf 86' lang='lat' dir='ltr'><strong>est,</strong></span> <span class='ocrx_word' id='word_1_159' title='bbox 457 3119 558 3225; x_wconf 57' lang='lat' dir='ltr'><strong>duam</strong></span> <span class='ocrx_word' id='word_1_160' title='bbox 578 3165 638 3206; x_wconf 89' lang='lat' dir='ltr'><strong>rex</strong></span> <span class='ocrx_word' id='word_1_161' title='bbox 653 3156 728 3206; x_wconf 87' lang='lat' dir='ltr'><strong>eum</strong></span> <span class='ocrx_word' id='word_1_162' title='bbox 751 3144 829 3206; x_wconf 87' lang='lat' dir='ltr'><strong>data</strong></span> <span class='ocrx_word' id='word_1_163' title='bbox 845 3147 962 3208; x_wconf 84' lang='lat' dir='ltr'><strong>dextra</strong></span> <span class='ocrx_word' id='word_1_164' title='bbox 976 3148 1013 3209; x_wconf 85' lang='lat' dir='ltr'><strong>in</strong></span> 
     </span>
    </p>
   </div>
   <div class='ocr_carea' id='block_1_4' title="bbox 154 3235 1011 3332">
    <p class='ocr_par' dir='ltr' id='par_1_14' title="bbox 154 3235 1011 3332">
     <span class='ocr_line' id='line_1_28' title="bbox 154 3235 1011 3332; baseline 0.014 -28"><span class='ocrx_word' id='word_1_165' title='bbox 154 3235 295 3315; x_wconf 76' lang='lat' dir='ltr'><strong>5‘iidem</strong></span> <span class='ocrx_word' id='word_1_166' title='bbox 324 3247 508 3330; x_wconf 86' lang='lat' dir='ltr'><strong>reciperet,</strong></span> <span class='ocrx_word' id='word_1_167' title='bbox 549 3269 649 3331; x_wconf 83' lang='lat' dir='ltr'><strong>quam</strong></span> <span class='ocrx_word' id='word_1_168' title='bbox 682 3249 859 3332; x_wconf 82' lang='lat' dir='ltr'><strong>praestitit.</strong></span> <span class='ocrx_word' id='word_1_169' title='bbox 920 3252 1011 3315; x_wconf 86' lang='lat' dir='ltr'><strong>Nam</strong></span> 
     </span>
    </p>
   </div>
   <div class='ocr_carea' id='block_1_5' title="bbox 0 0 1048 3676">
    <p class='ocr_par' dir='ltr' id='par_1_15' title="bbox 0 0 1048 3676">
     <span class='ocr_line' id='line_1_29' title="bbox 0 0 1048 3676; baseline 0 0"><span class='ocrx_word' id='word_1_170' title='bbox 0 0 1048 3676; x_wconf 95' lang='lat' dir='ltr'><strong> </strong></span> 
     </span>
    </p>
   </div>
  </div>
 </body>
</html>
