2100 3668
140 237 267 299 XVIll.
298 235 570 299 EUMENES.
604 249 717 311 10·11·
814 252 872 323 149

51 415 132 480 laune
151 413 352 498 Antigonus,
376 436 479 497 quum
499 419 528 479 ei
550 420 671 480 fuisset
687 402 876 482 infestissi-'

50 542 142 597 mus,
173 534 428 595 conservasset,
459 524 487 582 si
506 526 569 604 per'
589 542 667 583 suos
690 538 780 586 esset
797 526 870 589 lici.

48 641 129 699 tum,
152 630 241 709 quod
265 636 306 693 ab
330 630 424 690 nullo
439 626 478 688 'se
497 629 573 709 plus
595 630 747 701 adjuvari
765 651 874 710 posse·

45 734 257 814 intelligebat
283 735 318 793 in
342 732 398 795 his
425 738 543 807 rebus,
574 754 656 815 qasas
679 736 870 816 impendere

45 838 115 914 iam
135 843 319 920 apparebat
336 840 502 902 omnibus.
540 840 761 902 Imminebant
781 843 869 905 enim

45 943 219 1015 Seleucus,
243 943 477 1020 Lysimachus,
493 942 717 1017 Ptolemaeus,
748 947 870 1026 opibus

42 1051 116 1129 jam
126 1052 286 1121 valentes,
298 1070 372 1110 cum
386 1049 508 1129 quibus
520 1050 549 1109 ei
563 1049 603 1108 dc
616 1052 754 1109 summis
767 1055 869 1113 rebus
926 1110 932 1115 .

28 1228 31 1235 Ι
45 1167 121 1217 erat
130 1156 365 1216 dimicandum.
396 1154 460 1214 Sed
474 1175 540 1214 uon
554 1153 643 1233 passi
657 1165 735 1212 arant
749 1154 796 1227 hi,
812 1158 871 1236 quai
891 1167 911 1230 4

46 1261 139 1322 circa
156 1270 269 1321 erant:
293 1262 383 1341 quod
399 1261 570 1329 videbant,
593 1256 740 1317 Eumene
754 1278 869 1340 recep·

13 1352 17 1359 ¹
45 1376 105 1438 to,
137 1382 251 1423 omues
272 1384 363 1445 prae
393 1364 451 1423 illo
480 1363 575 1443 parvi
606 1362 748 1424 futuros.
793 1367 872 1447 lpse

10 1520 15 1561 ;
48 1456 171 1533 autem'
188 1471 375 1548 Antigonus
405 1470 488 1529 adeo
517 1479 589 1527 erat
611 1468 789 1541 incensus,
813 1483 870 1545 ut,

48 1575 117 1657 pisi
139 1593 260 1653 magna
285 1594 346 1655 spe
369 1573 592 1639 maximarum
616 1593 749 1650 rerum,
771 1577 871 1638 leniri

10 1706 15 1711 ·
48 1658 117 1749 iau
137 1660 265 1769 posset.

94 1930 97 1935 ·
132 1896 250 1973 ltaque
268 1892 371 1971 quum
392 1911 467 1953 eum
486 1892 520 1953 in
539 1892 724 1954 custodiam
744 1891 910 1953 dedis-XI

52 2012 117 2073 set,
125 2010 158 2060 et
166 2000 355 2078 praefectus
368 1998 749 2079 custodumquaesisset,
760 2017 875 2078 quem-

53 2103 232 2165 admodum
265 2105 391 2163 servari
424 2099 550 2166 vellet?
583 2116 621 2163 ut
644 2108 872 2174 acerrimum,
915 2105 919 2113 '

52 2206 175 2288 inquit,
198 2208 341 2280 leonem,
365 2217 426 2267 aut
436 2204 696 2288 ferocissimum
710 2209 875 2284 elephan-

55 2320 140 2373 tum.
183 2306 340 2377 Nondum
358 2312 446 2371 euim
466 2323 638 2383 statuerat,
661 2322 875 2372 conservaret

10 2400 31 2459 'l
55 2434 144 2487 eum,
165 2435 224 2477 nee
243 2437 294 2477 ue.
330 2417 494 2481 Veniebat
509 2414 619 2476 autem
636 2417 678 2475 ad
691 2415 875 2475 Eumenem
896 2427 916 2490 2

52 2530 234 2601 utrumque
258 2541 360 2602 genus
382 2523 577 2587 hominum:
608 2534 639 2581 at
659 2521 718 2600 qui
735 2532 881 2602 propter

10 2676 12 2681 .
53 2626 174 2687 odium
199 2614 348 2689 fructum
367 2628 472 2690 oculis
496 2629 630 2703 exejus
657 2646 736 2689 casu
758 2644 876 2706 capere

53 2719 201 2805 vellent,
230 2744 263 2793 et
283 2733 340 2814 qui
364 2747 504 2815 propter
528 2745 673 2792 veterem
696 2710 897 2791 amicitiam-s

52 2835 202 2916 colloqui
215 2838 447 2919 consolarique
462 2848 638 2918 cuperent3
659 2837 756 2896 multi
766 2837 877 2907 etiam,
977 2853 979 2859 ·

53 2940 115 3021 qui
128 2941 200 3014 ejus
215 2943 357 3003 formam
372 2960 571 3022 cognoscere
585 2942 774 3011 studebant,
794 2959 875 3020 qua-

51 3045 99 3106 lia
120 3056 225 3120 esset,
247 3067 346 3128 quem
364 3047 492 3107 tamdiu
509 3058 643 3126 tamque
657 3047 758 3122 ,valde
776 3047 877 3106 timu-

52 3153 182 3223 issent,
206 3153 299 3225 cuius
320 3151 355 3209 iu
373 3149 522 3229 pernicie
540 3152 683 3233 positam
705 3169 797 3231 spem
816 3148 877 3232 haf

52 3257 211 3324 buissent
227 3257 398 3341 victoriae.
428 3260 472 3320 At
482 3255 663 3333 Eumenes,
683 3276 787 3339 quum
802 3254 916 3324 diu-5
967 3261 968 3264 ’
