2100 3668
182 120 296 183 xvtn
328 75 612 181 neumas.
640 123 718 189 sc·
820 120 877 194 ott

57 284 146 367 was
165 319 268 381 equos
288 301 453 362 militares
479 283 652 381 perderet,
688 300 781 393 quod
803 320 880 383 spa·

61 404 146 473 llum
165 427 233 468 non
247 419 337 468 esset
354 407 519 487 agitandi:
551 405 709 468 callidum
725 406 790 468 fuit
806 409 878 484 ejus

67 510 254 588 inventum,
275 513 558 595 quemadmodum
580 525 672 574 staua
689 514 878 589 jumentum

10 628 14 639 '
69 620 275 689 concaleficri
293 620 507 701 exercerique
528 631 660 701 posset,
691 638 756 698 qno
772 618 882 680 liben-
944 602 945 615 ¹

67 729 128 790 tius
151 735 186 788 et
204 727 278 791 cibo
304 737 471 798 uteretur,
509 738 541 787 et
563 745 584 789 a
612 724 761 805 corporis
787 735 881 785 motu

10 828 15 863 *
65 852 127 895 uon
141 844 381 895 removeretur.
423 820 793 911 substringebatcaput
806 830 878 891 loro
900 836 918 901 5

10 930 24 1025 q'
65 941 182 1013 altius,
219 958 319 1019 quarn
352 949 390 999 ut
412 938 582 1019 prioribus
611 936 756 1018 pedibus
780 937 880 1018 plane

10 1028 16 1121 ‚l
61 1058 188 1108 terram
207 1043 525 1126 possetattingere3
556 1043 676 1105 deinde
704 1053 783 1124 post
804 1061 881 1103 ver·

10 1170 14 1225 Q
57 1151 199 1217 boribus
218 1152 358 1230 cogebat
380 1149 568 1221 exsultare,
591 1160 624 1209 et
640 1149 747 1209 calces
765 1151 880 1209 remit-

10 1282 20 1349 {-
57 1268 143 1319 tere.
186 1255 254 1339 Qui
274 1268 384 1317 motus
409 1275 476 1316 non
502 1253 613 1314 minus
641 1255 796 1314 sudorem
821 1273 881 1314 ex·

10 1352 32 1445 ¹,
58 1363 226 1436 euticbat,
248 1382 347 1443 quam
364 1362 393 1421 ai
406 1361 442 1420 in
453 1361 561 1441 spatio
581 1362 781 1422 decurreret.
804 1358 880 1442 Quo
901 1365 920 1429 6

58 1472 187 1535 lectum
201 1481 272 1542 est,
304 1469 395 1550 quod
414 1466 571 1530 omnibus
588 1466 745 1530 mirabile
765 1479 816 1527 est
831 1467 883 1535 via

63 1594 155 1651 sm,
183 1585 222 1636 ut
245 1574 516 1654 aequejumenta
542 1571 648 1633 nitida
677 1591 718 1632 cx
742 1572 882 1635 castello

66 1680 237 1752 duceret,
264 1696 367 1759 quum
389 1677 577 1760 complures
602 1697 734 1740 menses
760 1679 795 1738 in
817 1681 880 1742 ob-

52 1786 193 1871 ,sidione
214 1784 356 1860 luisset,
395 1805 433 1847 ac
459 1785 489 1846 si
515 1785 551 1844 in
573 1786 817 1866 campestribus
844 1804 884 1853 ea

36 1908 39 1913 '
59 1890 152 1957 loeis.
168 1890 358 1955 habuisset.
400 1895 438 1951 In
459 1889 522 1952 hac
538 1891 769 1968 conclusione,
797 1915 882 1976 quo.
901 1906 921 1970 7

10 2026 15 2045 ·
59 1997 270 2078 tiescurnque
293 1998 419 2073 voluit,
446 2009 643 2080 apparatum
667 2007 700 2057 ct
723 2001 885 2063 munitio.

62 2122 124 2165 nes
139 2103 304 2184 Antigoni
330 2104 414 2166 alias
431 2103 601 2176 incendit,
630 2103 713 2165 alias
740 2106 881 2183 disjecit.

12 2284 18 2297 Ι
63 2208 190 2271 Tenuit
210 2219 321 2270 antem
349 2228 384 2269 se
410 2228 477 2269 uno
506 2208 599 2282 loco,
629 2211 790 2297 quamdiu
819 2212 886 2274 fuit

63 2315 187 2377 hiems.
229 2311 329 2396 Quo'd
339 2323 487 2375 castrum
504 2315 657 2378 subsidia
675 2314 800 2380 habere
817 2339 887 2380 non

63 2414 217 2503 poterat,
252 2428 285 2480 et
309 2439 368 2480 ver
390 2422 700 2503 appropinquabat,
729 2425 887 2486 simulata

10 2546 15 2567 ·-
66 2525 257 2598 deditione,
295 2526 373 2588 dnm
404 2528 444 2588 de
468 2527 716 2591 conditionibus
745 2540 883 2601 tractat,

63 2632 245 2716 praelectis
260 2633 421 2714 Antigoni
437 2633 609 2714 imposuit,
628 2653 729 2716 seque
748 2654 785 2696 ac
806 2628 886 2697 suos

64 2757 183 2801 omnes
201 2737 345 2799 extraxit
361 2738 557 2799 incolumes.

144 2944 201 3008 ¹Ad
215 2936 309 3024 hune,
324 2945 501 3027 Olympias
510 2976 522 3022 ·,
562 2959 669 3009 mater
690 2965 776 3027 quae
796 2940 927 3005 fue-Vl

64 3063 123 3114 rat
139 3052 338 3126 Alexandri,
355 3071 456 3134 quum
475 3054 604 3116 litteras
623 3064 656 3114 et
674 3053 807 3113 nuntios
826 3051 890 3110 mi·

67 3159 171 3221 ⁸isset
191 3156 227 3216 in
251 3157 388 3233 Asiam,
417 3160 627 3234 consultum,
658 3170 772 3232 nuum
792 3173 890 3238 repe·
