2100 3668
172 199 230 271 aaa
357 193 446 255 xix.
473 164 846 268 anomalus.

174 373 318 457 expulsi.
373 376 489 458 Neque
516 377 551 437 in
579 397 617 437 eo
645 377 757 438 solum
787 374 992 447 offenderat,

173 483 262 564 quod
283 474 515 562 patriae‘male
534 484 769 553 consuluerat,
802 480 994 554 sedetiam,

133 588 263 670 aquod
275 585 624 651 amicitiaefidemncn
635 587 863 669 praestiterat.
896 589 995 650 Nam·
1040 630 1043 655 .

173 713 237 774 que
259 703 374 753 auctus
393 694 596 775 adjutusque
613 715 634 755 a
652 690 886 753 Demosthene
910 713 994 766 eum,
1040 760 1042 768 Α

174 818 274 880 quom
295 800 450 871 tenebat,
473 800 694 862 adscenderat
707 798 872 884 gradum,
895 820 996 881 quum

173 906 335 966 adversus
365 903 544 968 Charetem
578 927 654 968 eum
687 907 914 989 subornaret:
959 894 1022 977 als¹

172 1011 290 1071 ecdem
306 1009 342 1068 in
360 1010 498 1081 judiciis
508 1050 518 1084 ,
540 1033 644 1092 quum
657 1006 776 1093 capitis
794 993 934 1075 causam
951 1013 999 1073 di-

68 1098 71 1103 *
173 1126 282 1187 aeret,
316 1114 474 1175 defensus
500 1115 701 1198 aliquoties,
736 1116 906 1179 liberatus
932 1117 1001 1193 dja-

174 1231 333 1283 cesscrat.
377 1220 472 1283 Hunc
491 1242 558 1282 non
574 1224 684 1284 solum
706 1222 741 1282 in
758 1219 923 1302 periculis
936 1236 1000 1283 non

132 1334 155 1398 lp
175 1323 343 1397 defendit,
367 1327 546 1389 sedetiam
565 1328 725 1410 prodidit.
770 1323 930 1388 Condidit
947 1346 1002 1389 an·

174 1442 243 1490 tem
275 1418 419 1491 maxime
453 1451 520 1491 uno
552 1432 714 1503 crimine,
752 1431 862 1510 quod,
903 1452 1001 1512 quum

176 1535 265 1616 apud
286 1554 361 1595 eum
382 1528 549 1599 summum
570 1549 660 1599 esset
686 1536 867 1615 imperium
899 1556 1000 1620 popu·
1026 1526 1033 1547 '

174 1639 217 1711 li,
249 1651 300 1712 et,
322 1640 543 1716 Nicanorem,
574 1641 759 1705 Cassandri
782 1642 999 1722 praefectum,

155 1730 158 1735 ¹
176 1746 331 1808 insidiari
351 1744 485 1809 Piraeeo
508 1747 781 1819 Atheniensium,
804 1767 825 1808 a
841 1746 998 1824 Dercyllo
1034 1744 1037 1749 ’

177 1865 388 1925 moneretur,
418 1854 573 1934 idemque
595 1852 802 1935 postularet,
833 1865 872 1914 ut
895 1853 996 1936 proti·¹
1037 1890 1040 1901 ·

180 1958 293 2029 deret,
323 1978 365 2019 ne
391 1962 632 2025 commeatibus
658 1961 774 2022 civitas
799 1957 992 2038 privaretur,
1035 1986 1039 2017 ι

179 2061 276 2137 huic,
318 2062 640 2147 audientetpopulo,
686 2065 834 2127 Phocion
869 2058 997 2146 negarit

180 2187 254 2228 esse
272 2169 457 2249 periculum
468 2211 477 2245 ,
501 2191 603 2252 seque
623 2172 696 2247 ejus
712 2172 764 2231 rei
778 2171 936 2233 obsidem
955 2173 999 2233 lo·
1035 2220 1039 2267 1

141 2284 160 2344 5
183 2293 216 2332 rc
240 2275 409 2355 pollicitus
430 2290 491 2340 est.
534 2279 650 2359 Neque
667 2277 714 2338 ita
729 2277 834 2337 multo
851 2277 1001 2358 postNi·
1036 2280 1039 2337 ἰ

182 2398 283 2441 canor
307 2379 442 2442 Piraeeo
463 2395 514 2442 est
531 2383 669 2464 potitus.
714 2383 765 2443 Ad
787 2400 889 2462 quam
912 2402 1002 2445 recu·
1033 2420 1038 2521 1

181 2485 367 2566 perandum
390 2508 492 2568 quum
518 2490 664 2569 populus
691 2499 841 2548 armatus
868 2506 1003 2548 concur·

183 2588 307 2661 risset,
335 2590 394 2653 ille
419 2613 485 2652 non
513 2595 612 2655 modo
644 2593 812 2654 neminem
843 2591 887 2653 ad
915 2610 1006 2653 arma
1033 2604 1038 2657 2

186 2695 339 2767 vocavit,
371 2699 489 2761 sedne
518 2698 654 2761 armatis
687 2697 823 2778 quidem
848 2716 1005 2778 praeesse

187 2802 305 2862 voluit.
353 2801 448 2879 [Sine
464 2805 692 2888 quonthenae
705 2794 841 2865 omnino
853 2821 1006 2865 essenon

153 2996 161 3007 .
186 2914 360 2993 possunt]

149 3115 201 3179 111
288 3115 393 3183 Erant
410 3141 448 3183 eo
464 3132 614 3205 tempore
633 3118 779 3221 Athenis·
793 3121 878 3180 duae
893 3118 1012 3182 factio-

165 3243 271 3321 lnes,
309 3246 450 3308 quarum
473 3246 541 3288 una
570 3226 689 3310 populi
716 3245 852 3290 causam
878 3230 1012 3308 agebat,
