2100 3668
198 184 772 317 ιιιιιοιιιιιιιιιιριρ.
875 234 916 305 55

721 355 723 359 ,
926 321 936 360 ι

71 421 155 483 que
174 400 309 483 plenus.
352 399 506 483 Namque
527 394 714 484 imperator
733 405 797 469 fuit
826 394 918 472 sum.

95 525 167 567 mus
194 516 227 566 et
245 504 331 564 mari
357 518 389 566 et
404 518 517 589 terra3
548 510 715 584 disertus,
750 524 788 573 ut
811 513 918 596 inpri.
956 568 960 573 .

73 612 157 673 mis
175 610 318 672 dicendo
343 610 491 686 valeret,
522 615 612 694 quod
629 626 721 677 tanta
741 629 929 691 eratcom-
977 662 980 667 <

60 717 262 795 mendatio
281 714 348 776 oris
373 725 472 798 atque
499 719 681 793 orationis,
713 734 751 781 ut
766 743 863 785 nemo
887 728 930 818 ei

105 823 236 885 dicendo
260 831 376 903 posset
405 821 587 908 resistere3
638 825 778 902 deinde,
817 842 958 913 quum

65 926 226 1013 tempus
238 937 423 1023 posceret,
437 929 648 1002 laboriosus,
665 933 815 1011 patiens,
832 938 918 1004 lihe-

106 1037 206 1111 ralis,
220 1035 417 1118 splendidus
436 1055 502 1094 non
521 1035 631 1094 minus
656 1035 691 1094 in
706 1036 795 1113 vita,
817 1061 919 1122 quam

109 1141 207 1222 victu3
238 1141 402 1214 affabilis,
425 1142 590 1225 blandus,
621 1143 829 1221 temporibus
852 1150 920 1210 cal.

81 1230 84 1237 Α
76 1245 302 1307 lidissime
292 1249 491 1308 inserviens.
543 1243 655 1318 Idem,
687 1246 788 1306 simul
819 1269 856 1311 ac
883 1262 960 1335 sed

110 1355 286 1426 remiserat,
306 1373 414 1447 neque
426 1371 524 1415 eausa
534 1350 681 1426 suberat,
695 1372 797 1433 quare
818 1357 921 1421 animi

68 1442 251 1523 -.laborem
267 1455 457 1540 perferret,
485 1457 697 1531 luxuriosus,
721 1458 936 1538 dissolutus,

60 1561 322 1637 libidinosus,
353 1567 579 1647 intemperans
604 1564 854 1644 reperiebatur,
882 1579 921 1648 ut

60 1680 71 1753 j
111 1691 215 1732 omnes
239 1671 516 1739 admirarentur,
531 1650 573 1724 in¹
594 1687 658 1728 uno
682 1667 817 1729 homine
844 1666 919 1734 tan'.

60 1756 64 1807 Ι·
111 1787 167 1839 tam
189 1795 262 1838 esse
292 1772 618 1849 dissimilitudinem,
650 1787 783 1856 tamque
808 1777 920 1839 diver.

109 1859 172 1944 ιιιιι
195 1893 360 1947 naturam.
531 1899 548 1944 ,’
743 1929 754 1955 q
819 1939 822 1943 .

199 2018 205 2045 ,
527 2004 534 2033 ι

181 2097 351 2177 Educatus
370 2105 422 2159 est
442 2093 477 2153 in
501 2068 602 2154 domo·
626 2093 761 2156 Periclis
790 2096 917 2179 (priri.
926 2100 962 2162 11

106 2224 187 2287 gnus
203 2205 301 2264 ¹enim
321 2203 393 2277 eius
420 2186 524 2267 fuisse
550 2197 707 2280 dieitur),
739 2204 887 2267 eruditus
902 2226 923 2268 a

105 2307 250 2370 socrate.
295 2306 453 2370 Socerum
467 2303 586 2367 habuis
600 2303 834 2385 Hipponicum,
851 2331 924 2371 om·
978 2318 982 2330 ’

65 2448 68 2452 -
102 2417 195 2477 nium
225 2414 352 2476 Graeca
377 2414 493 2491 lingue
529 2410 734 2491 loquentium
761 2413 936 2478 divitissi.'

102 2539 217 2594 mum,
239 2532 292 2592 ut,
315 2506 346 2601 si
358 2521 430 2602 ipse
444 2516 569 2596 fingere
588 2515 708 2588 vellet,
728 2536 833 2601 neque
847 2522 923 2603 plu.
946 2558 949 2565 -
970 2550 974 2556 .

100 2647 139 2690 ra
168 2631 259 2691 bona
282 2625 475 2698 reminisci,
512 2641 619 2705 nerpre
653 2623 782 2698 majora
807 2637 925 2706 posset
1020 2658 1022 2665 >

102 2732 287 2812 consequi,
309 2751 410 2814 quam
428 2724 482 2789 vel
500 2729 632 2788 fortuna
654 2731 708 2790 vel
727 2739 846 2791 nature
863 2731 926 2789 tri

100 2843 233 2904 buerat.
276 2839 417 2898 ineunte
440 2833 663 2896 adolescentia
681 2843 811 2894 amatus
837 2846 888 2895 est
905 2847 966 2909 ez

100 2946 217 3008 multis
234 2939 326 3020 more
345 2942 571 3003 Graecorumz·
598 2940 631 2999 in
657 2939 704 3002 eis
734 2960 753 3001 a
775 2941 923 3015 Socrate,

102 3054 143 3114 de
165 3071 231 3133 quo
247 3051 449 3110 meritionem
469 3049 548 3108 iacit
567 3045 658 3106 Plato
681 3045 716 3103 in
733 3044 923 3125 Symposio.

83 3166 85 3171 '
102 3159 257 3238 Namque
279 3177 354 3217 eum
370 3154 502 3216 induxit
526 3159 857 3222 commemorantem,
871 3201 874 3205 .
888 3169 926 3210 se

99 3275 318 3349 pernoctasse
338 3281 422 3325 cum*
440 3258 596 3344 Socrate,
625 3275 733 3342 neque
763 3254 858 3318 aliter
883 3256 928 3322 ah

219 3363 224 3374 ,
405 3362 410 3385 ,
512 3364 515 3371 .
598 3368 619 3391 s

318 3449 354 3499 s't'
