2100 3668
168 119 284 182 xvu.
313 116 631 181 torstenus.
652 92 728 192 m.
829 129 892 201 155.

143 303 221 363 Sine
246 300 347 363 dubio
370 312 450 382 post
473 296 681 361 Leuctricam
702 306 923 380 pugnamVII

10 452 14 460 ·
74 400 317 471 Lacedaemonii
335 425 370 465 se
395 424 577 484 numquam
595 405 784 467 refecerunt
795 449 806 481 ,
826 429 886 471 ne.

10 528 26 571 ι
74 510 887 597 qucpristinumimperiumrecuperarunt:quum

10 664 13 675 .
72 618 201 681 interim
220 614 398 698 Agesilaus
417 635 485 675 non
502 614 647 688 destitit,
669 617 886 695 quibuscum.

71 745 129 806 que
154 728 257 787 rebus
278 716 432 804 posset„
453 722 598 802 patriam
626 723 754 796 juvare.
797 724 885 789 Nam
905 742 926 803 2

67 848 167 911 quum
199 829 377 910 praecipue
410 825 664 889 Lacedaemonii
697 825 887 908 indigerent

63 933 236 1015 pecunia,
260 935 318 994 illc
336 934 512 1005 omnibus,
541 932 599 1014 qui
618 951 638 993 a
655 950 734 1011 rege
753 935 884 996 defece·

61 1052 161 1111 rant,
189 1036 361 1121 praesidio
377 1040 462 1100 init:
493 1057 513 1098 a
534 1037 658 1116 quibus
674 1022 805 1119 ¹magns
824 1044 884 1105 do.

61 1158 164 1207 nutus
191 1145 334 1227 pecunia
360 1143 505 1224 patriam
533 1142 733 1205 sublevavit.
775 1152 924 1230 Atque5

58 1250 98 1313 in
115 1247 184 1311 hoc
195 1251 281 1310 illud
298 1249 455 1331 inprimis
469 1247 534 1309 suit
550 1247 762 1324 admirabile,
782 1275 885 1334 quum

61 1355 215 1418 maxima
227 1374 368 1415 munera
387 1353 417 1412 ci
435 1356 477 1415 ab
496 1352 652 1431 regibus,
674 1366 706 1413 ct
720 1356 884 1439 dynastis,

63 1460 326 1541 civitatibusque
342 1460 590 1530 conferrentur,
609 1461 700 1538 quod
714 1461 884 1531 nihilum.

10 1620 13 1627 ,
68 1586 170 1647 qum
190 1564 262 1645 [in]
285 1568 421 1627 domum
444 1583 539 1623 suam
560 1563 715 1637 contulit,
741 1570 827 1631 nihil
844 1578 885 1639 de

57 1670 175 1743 rictu,
205 1669 293 1730 nihil
318 1673 359 1731 de
389 1670 514 1730 vestitu
539 1667 706 1728 Laconum
734 1681 885 1742 mutavit,

32 1754 36 1765 Ι
65 1774 180 1837 Domo
202 1776 319 1873 cadem
339 1776 404 1840 suit
415 1785 608 1848 contentus,
626 1795 693 1856 qua
702 1775 887 1855 Eurysthe.
906 1804 927 1867 4

65 1886 127 1942 nes
139 1920 151 1955 ,
179 1883 377 1963 progenitor
392 1881 558 1958 majorum
582 1899 719 1941 suorum
731 1922 741 1956 ,
778 1887 889 1955 iuerat
907 1936 921 1955 „
975 1898 979 1905 '

65 2005 174 2047 usus:
208 1973 308 2068 quem
324 1986 381 2067 qui
405 1986 568 2056 intrarat,
599 1985 730 2047 nullum
754 1992 898 2073 signum·

64 2090 222 2155 lihidinis
233 2132 243 2166 ,
274 2092 405 2152 nullum
424 2090 578 2150 luxuriae
597 2091 708 2151 videre
735 2076 888 2184 potcrdtg

28 2208 32 2213 '
69 2208 236 2261 contraeas
249 2197 397 2278 plurima
408 2195 590 2275 patientiae
607 2208 704 2276 atque
716 2201 889 2267 abstineu-

40 2356 43 2361 .
67 2304 149 2367 tiae.
196 2301 248 2365 Sic
267 2304 355 2363 euim
374 2313 446 2363 erat
461 2303 645 2373 instructa,
675 2308 826 2374 utnulla
853 2313 888 2373 in

66 2428 106 2473 re
124 2410 276 2473 differret
292 2408 439 2485 cujusvis
465 2405 576 2489 inopis
598 2418 703 2487 atque
714 2413 850 2491 privati.

155 2625 265 2702 Atque
278 2618 333 2681 hic
350 2621 536 2696 tantusvir,
553 2632 590 2681 ut
600 2630 755 2682 naturam
765 2624 838 2686 fau·
849 2629 930 2709 VIII

69 2730 190 2791 tricem
207 2706 373 2790 hebuerat
390 2727 426 2785 in
453 2727 642 2791 tribuendis
665 2727 769 2789 animi
786 2731 891 2796 virtu,

68 2836 183 2907 tibus,
214 2833 461 2896 sicmaleiicam
479 2845 595 2896 nactus
618 2832 726 2893 estin
751 2855 889 2920 corpore
965 2904 970 2915 x

68 2939 242 3020 fingendo.
283 2941 372 2999 Nam
389 2951 422 2999 et
445 2951 574 3000 statura
594 2938 660 2998 suit
684 2936 823 3019 humili,
858 2959 891 3008 et

69 3062 213 3125 corpore
242 3044 382 3124 exiguo,
428 3057 459 3106 et
487 3045 625 3110 claudus
662 3046 766 3109 altero
792 3052 889 3130 pede.

69 3151 169 3237 Quae
188 3170 242 3213 res
261 3150 361 3213 etiam
385 3152 581 3214 nonnullam
600 3151 760 3215 afferebat
778 3153 890 3216 defer·
915 3238 921 3252 ἱ
1002 3230 1006 3239 Ι
