2100 3668
104 236 109 243 “
152 243 195 305 24
322 227 382 285 .1.
412 214 721 287 MILTIADES.
751 232 782 296 7.
825 206 827 211 ’

129 392 132 397 .
155 411 290 474 navium
299 406 516 470 Athenienses
528 412 635 471 eidem
645 405 791 466 Miltiadi
798 404 976 480 dederunt,

144 530 195 591 ,ut
211 515 359 588 insulas,
371 535 465 595 ¹quae
479 521 640 579 barbaros
657 515 864 584 adiuverunt,
882 512 974 573 bello

69 682 74 692 ,
156 608 425 706 persequeretur.
466 623 540 703 Quo
568 623 708 703 imperio
729 602 904 699 pleresque
932 598 974 678 ad

153 726 306 786 officinm
326 727 436 789 redire
456 730 584 809 eo‘e'git,
614 726 792 788 nonnullas
815 726 847 783 vi
869 724 973 804 expuss

115 847 138 908 2
157 831 280 913 gnavit.
324 829 374 888 Ex
391 830 441 890 his
455 833 575 894 Parum
592 833 750 905 insulam,
765 832 886 911 opibus
906 830 974 892 ela·

157 949 243 1011 tam,
275 958 377 1018 quum
400 939 547 1006 oratione
569 939 783 1000 reconciliare
805 960 871 999 non
892 957 972 1019 pos·

159 1056 231 1117 set,
265 1043 376 1123 copias
396 1063 412 1102 e
432 1046 572 1107 navibus
592 1046 726 1116 eduxit,
756 1047 873 1106 urbem
893 1046 972 1122 op'e·

88 1146 105 1197 ⁴
157 1151 252 1212 ribus
276 1149 416 1222 elausit,
438 1152 592 1230 omnique
612 1161 795 1210 commeatu
810 1149 972 1229 privavit3

159 1256 279 1316 deinde
307 1254 412 1314 vineis
445 1276 480 1317 ae
516 1256 739 1317 testudinibus
771 1254 972 1332 constitutis,

116 1360 294 1441 zpropius
313 1379 426 1420 muros
455 1361 600 1421 accessit.
643 1359 752 1441 Quum
780 1362 847 1437 jam
872 1361 906 1419 in
935 1378 971 1419 eo

157 1477 263 1538 esset,
295 1476 332 1524 ut
355 1465 475 1546 oppido
493 1468 678 1545 potiretur,
706 1468 823 1546 procul
839 1466 876 1524 in
896 1486 970 1526 eon·

156 1570 278 1633 tinenti
292 1570 408 1643 lucus,
436 1556 490 1650 dui
512 1589 552 1630 ex
570 1573 680 1633 insula
696 1572 966 1652 conspiciebatur’

156 1677 269 1737 neseio
295 1697 360 1756 quo
387 1696 484 1748 essu,
510 1690 670 1738 noeturno
690 1689 841 1758 tempore
860 1662 969 1737 ineen-

85 1776 88 1784 ’
125 1804 130 1813 ’
158 1802 215 1842 sus
238 1792 299 1840 est.
344 1780 446 1847 Cuius
466 1781 654 1844 flammant
682 1788 723 1846 al>
747 1783 925 1863 oppidanis
944 1790 975 1841 et

160 1887 448 1967 oppugnatoribus
470 1899 520 1945 est
535 1887 627 1960 visa,
658 1888 809 1966 utrisque
832 1889 975 1948 venitin

130 2018 133 2025 ·
161 1993 373 2072 opinionem,
395 1988 534 2070 'signum
551 2013 571 2054 a
588 1993 767 2053 classiariis
792 1993 893 2073 regiis
916 1993 976 2053 da-

118 2107 240 2171 lrtum.
281 2099 356 2178 Quo
378 2100 495 2159 lactum
522 2110 591 2171 est,
622 2111 659 2158 ut
680 2110 712 2158 et
729 2097 816 2157 Parii
834 2119 853 2158 a
880 2098 975 2158 dedi-

157 2207 248 2266 tione
262 2200 533 2278 'deterrerentnr,
565 2216 597 2263 et
619 2202 808 2276 Miltiades,
837 2202 974 2275 timens,

158 2311 348 2383 ne'elassis·
368 2309 460 2388 regia
480 2311 693 2381 adventaret,
725 2307 870 2368 incensis
893 2326 976 2387 ope-

157 2417 274 2490 ribns,
306 2433 389 2497 qnae
408 2425 590 2486 statuerat,
623 2433 695 2473 oum
716 2411 855 2472 totidem
879 2412 975 2472 navis

158 2522 244 2595 hus,
262 2521 372 2602 'atque
392 2530 462 2578 erat
479 2520 669 2599 profectus,
691 2516 839 2578 Athenas
852 2537 976 2595 magna

24 2701 28 2707 Ι
118 2631 136 2694 5
157 2645 230 2685 enm
247 2625 429 2687 offensione
448 2625 567 2685 rivium
584 2645 718 2686 suorum
735 2626 869 2684 rediret.
910 2629 976 2685 Ae·

157 2734 290 2793 eusatus
308 2752 385 2814 ergo
410 2731 625 2812 proditionis,
656 2731 765 2810 quod,
793 2751 893 2810 quum
912 2729 976 2790 Pa·

156 2854 234 2897 rum
261 2858 451 2920 expugnare
479 2848 612 2919 posset,
652 2855 670 2896 a
694 2854 771 2915 rege
796 2845 975 2918 corruptus

155 2940 287 3003 inseetis
311 2949 411 3007 rebus
441 2945 477 3021 [a
505 2947 634 3024 pugna]
660 2940 881 3001 discessisset.
925 2941 975 3001 Eo

111 3042 112 3047 ’
156 3053 304 3127 tempore
323 3070 422 3131 aeger
439 3062 511 3109 erat
529 3042 742 3120 vulneribus,
764 3047 894 3126 quaein
915 3068 977 3127 op·

161 3156 341 3232 pugnando
367 3158 490 3239 oppido
521 3166 702 3234 acceperat.
745 3153 861 3232 ltaque
891 3171 977 3231 quo-

124 3272 130 3301 '-
143 3259 246 3323 'uiam
261 3261 413 3346 ipse'pro
435 3282 471 3323 se
497 3263 606 3324 dicere
620 3264 688 3323 n'on
703 3272 840 3344 posset,
872 3261 977 3322 verba

418 3554 425 3581 l
