2100 3668
215 216 275 276 111.
297 210 615 281 saturent-ees,
642 227 754 290 suu.
835 230 874 301 39

90 393 246 477 legitimam
255 376 399 478 poenam
413 416 479 459 non
496 397 647 476 pertulit.
674 398 761 459 Nam
777 413 873 481 post-

88 523 162 603 puam
180 505 305 564 Xerxes
318 503 354 562 in
372 501 546 563 Graeciam
566 505 754 578 descendit,
777 518 871 568 sexto

51 622 55 631 ·
81 608 133 670 lere
148 631 245 684 anno,
268 627 367 690 quarn
388 620 460 669 erat
477 609 649 688 expulsus,
666 610 869 693 populiscitu
913 622 922 632 ⁹

78 712 104 775 in
113 717 254 798 patriam
281 714 457 783 restitutus
478 726 539 787 est,

18 772 33 931 l
135 923 296 986 Interfuit
313 936 424 994 autem
442 944 573 1008 pugnae
585 925 695 986 navali
713 926 801 1005 apud
813 925 870 988 Sa·
879 914 912 988 1'1

64 1027 204 1102 lamina,
236 1033 427 1109 quaefacta
458 1044 509 1093 est
535 1032 649 1112 prius,
676 1052 775 1112 quam
791 1052 871 1112 poe-

10 1120 12 1125 ¹
60 1157 96 1199 ua
110 1137 327 1223 liberaretur.
361 1138 453 1199 ldem
469 1149 605 1219 praetor
616 1138 679 1205 fuit
689 1137 872 1199 Athenien-

60 1242 146 1305 sium
165 1243 256 1327 apud
274 1241 424 1312 Plataeas
450 1244 485 1302 in
512 1244 662 1324 procliue
691 1265 757 1325 quo
779 1225 871 1304 Mar-

60 1347 180 1409 donius
202 1349 298 1425 fusus
308 1388 323 1422 ,Δ
338 1331 624 1431 barbarorumque
644 1351 808 1411 exercitus
820 1351 872 1410 in-

56 1454 217 1513 terfectus
244 1466 305 1514 est.
348 1457 464 1536 Neque
486 1457 579 1517 aliud
609 1468 658 1516 est
679 1457 785 1519 ullum
807 1455 912 1529 hu-'2

53 1557 107 1632 jus
136 1557 173 1616 in
203 1575 241 1616 re
267 1558 409 1631 militari
436 1560 569 1622 illustre
593 1564 736 1635 factum,
772 1583 872 1643 quam

10 1686 13 1691 ·
53 1661 159 1738 hujus
176 1663 312 1744 imperii
332 1667 517 1744 memoria3
549 1667 696 1742 justitiae
719 1685 817 1738 vero,
840 1678 874 1729 et
900 1664 909 1677 ’

62 1768 259 1847 aequitatis,
290 1780 323 1828 et
344 1768 706 1838 innocentiae·multa:
741 1770 777 1828 in
799 1769 871 1849 pri-

59 1872 146 1947 mis,
160 1874 257 1954 quod
275 1875 346 1951 ejus
365 1877 532 1957 aequitate
548 1879 669 1940 facturn
682 1888 752 1951 est,
768 1895 872 1956 quum

54 1981 91 2042 in
118 1980 289 2044 cummuni
324 1980 432 2043 classe
465 1996 556 2044 esset
589 1983 743 2045 Graeciae
771 1981 874 2042 simul

14 2156 17 2165 Ι
55 2107 134 2147 eum
161 2072 346 2157 Pausania,
384 2108 448 2167 qun
475 2090 555 2150 duce
583 2088 777 2148 Mardonius
803 2097 874 2146 erat

54 2192 215 2272 fugatus,
238 2202 275 2251 ut
286 2213 417 2255 summa
431 2194 564 2275 imperii
582 2193 742 2254 maritimi
753 2195 793 2254 ab
808 2190 871 2251 La-

55 2297 285 2360 cedaemoniis
308 2300 549 2360 transferretur
570 2300 612 2371 ad
636 2295 870 2357 Athenienses.

54 2402 213 2483 Namque
242 2414 317 2486 ante
344 2406 379 2465 id
406 2416 538 2485 tempus
565 2401 597 2464 it
623 2402 708 2466 mari
728 2415 760 2462 et
782 2395 911 2467 terra5

59 2508 162 2569 eluces
191 2520 286 2569 erant
309 2507 570 2573 Lacedaemonii.
614 2509 696 2568 Tum
714 2519 823 2568 autem
841 2515 874 2564 et

17 2630 20 2637 ·
54 2610 315 2690 intemperantia
335 2614 538 2686 Pausaniae,
562 2614 729 2690 etiustitia
748 2615 872 2673 sactum
942 2637 945 2641 ·
968 2671 970 2679 ,

57 2726 112 2776 est
132 2713 311 2791 Atiseiais,
328 2730 366 2778 ut
385 2738 499 2780 omnes
520 2720 588 2779 fere
604 2720 751 2781 civitates
771 2717 872 2777 Grae-

58 2821 130 2883 aiae
145 2823 189 2882 ad
208 2823 473 2889 Atheniensium,
490 2826 677 2886 societatem
708 2822 872 2904 se²applie
945 2830 947 2845 ²

59 2939 192 3002 carent,
216 2941 248 2989 et
264 2932 424 3004 adversus
441 2933 602 2993 barbaros
621 2928 684 2989 hos
697 2931 796 2991 duces
817 2928 873 2987 de-

57 3031 205 3114 ligerent
227 3035 302 3106 sihi,

138 3239 232 3326 0³⁰⁸
252 3265 317 3328 quo
335 3216 466 3344 facilius
483 3247 701 3331 repellerent,
718 3243 755 3337 ‘si
768 3237 912 3302 tortelli
