2100 3668
175 207 299 272 xvlll.
330 208 599 271 EUMENES.
629 216 659 282 3.
680 222 711 284 s.
815 222 871 285 stt

61 391 134 457 dam
156 394 320 457 barbaros
340 388 518 473 proficisci.
558 388 676 474 ¹ltaque
693 394 800 456 tenuit
810 392 874 455 hoc
894 400 913 466 6

57 500 288 585 propositum,
322 509 355 558 et
376 498 469 579 prius
494 497 528 558 in
559 501 662 560 aciem
692 501 875 561 exercitum

56 606 174 689 eduxit
196 605 427 686 proeliumque
446 604 620 676 commisit,
631 621 730 685 quam
748 606 873 665 milites

56 713 109 772 sui
134 712 274 782 scirent,
305 732 379 772 cum
403 711 524 791 quibus
554 729 646 770 arma
671 712 870 772 conferrent.

53 812 179 879 Effecit
189 817 288 877 etiam
300 817 385 876 illud
396 818 545 877 locorum
560 816 871 897 praeoccupatione,
914 826 919 837 “

52 936 92 985 ut
112 925 263 1003 equitatu
277 922 388 1002 potius
407 921 599 994 dimicaret,
633 939 698 999 quo
716 920 791 999 plus
812 938 870 980 va·

28 1022 167 1101 debat,
196 1046 296 1108 quam
318 1027 489 1107 peditatu,
512 1047 581 1108 quo
602 1036 672 1086 erat
688 1025 843 1085 deterior.

139 1237 289 1319 Quorum
305 1238 466 1301 acerrimo
485 1256 647 1303 concursu
665 1255 767 1319 quum
782 1256 852 1297 ma·
862 1226 913 1294 lv
929 1314 932 1325 Δ

10 1408 12 1413 ,
52 1362 157 1427 gnam
185 1354 316 1424 partem
341 1345 411 1407 diei
436 1360 526 1410 esset
545 1358 748 1430 pugnatum,
777 1324 875 1404 'sadis

52 1449 214 1513 Craterus
233 1450 320 1523 dur,
352 1463 385 1510 et
399 1453 656 1534 Neoptolemus,
679 1449 736 1531 qui
755 1466 872 1508 secun-

54 1556 136 1617 dum
153 1550 265 1615 locum
281 1555 415 1636 imperii
426 1560 570 1619 tenebat.
615 1555 696 1616 Cum
714 1553 777 1615 hoc
794 1570 872 1614 con·

58 1660 250 1741 curritipse
280 1660 457 1722 Eumenes.
500 1661 567 1742 Qui
599 1636 701 1742 quum
726 1661 814 1719 inter
836 1669 913 1732 se2

61 1767 284 1846 complexiin
316 1775 439 1828 terram
470 1786 510 1828 ex
532 1767 624 1847 equis
648 1765 872 1837 decidissent,

56 1882 93 1933 ut
119 1872 217 1933 facile
249 1872 392 1953 intelllgi
425 1886 559 1956 posset,
606 1870 738 1932 inimica
762 1880 874 1929 mente

55 1977 281 2050 contendisse,
300 1978 476 2059 animoque
494 1977 601 2057 magis
616 1975 714 2036 etiam
726 1994 873 2056 pugnas-

55 2100 114 2156 se,
134 2098 233 2163 quam
249 2096 408 2163 torpore,
431 2103 497 2143 non
513 2084 606 2164 prius
627 2081 776 2143 distracti
787 2089 874 2152 sunt,

54 2203 160 2269 quam
188 2187 329 2278 alterum
355 2188 466 2250 anima
499 2187 682 2267 reliquerit.
733 2190 784 2249 Ab
810 2182 874 2248 hoo

57 2292 188 2373 aliquot
205 2295 312 2375 plagis
329 2293 496 2356 Eumenes
520 2295 736 2365 vulneratur,
767 2310 873 2372 neque
922 2319 925 2325 ·

56 2416 98 2458 eo
119 2399 228 2479 magis
255 2421 294 2461 ex
323 2402 451 2484 proelio
484 2401 655 2472 excessit,
685 2401 744 2460 sed
766 2399 872 2460 acrius

57 2502 176 2565 hostes
199 2504 330 2567 institit.
379 2507 439 2569 Hic
468 2507 633 2587 equitibus
663 2503 914 2585 profligatis,5

56 2603 233 2671 interfecto
257 2613 338 2673 duce
369 2609 526 2688 Cratero,
564 2611 678 2672 multis
708 2620 879 2695 praeterea

59 2726 94 2776 et
112 2716 256 2777 maxime
276 2708 448 2781 nobilibus
469 2719 595 2799 captis,
612 2717 768 2799 pedester
780 2733 875 2774 exer-

59 2818 168 2892 citus,
198 2823 287 2902 quod
306 2823 341 2883 in
364 2843 402 2885 ea
430 2825 503 2884 loca
530 2833 602 2882 erat
630 2821 807 2892 deductus,
837 2830 875 2881 ut

57 2924 164 2985 invito
190 2924 436 2994 Eumeneelabi
459 2949 524 2993 non
539 2938 672 3010 posset,
694 2946 807 3007 pacem
831 2929 877 2989 ab

57 3046 100 3091 eo
119 3031 223 3111 petiit.
265 3032 374 3115 Quam
395 3056 496 3118 quum
511 3036 737 3116 impetrasset,
756 3031 877 3113 infide

58 3154 129 3195 non
151 3137 289 3212 mansit,
324 3117 357 3200 et
386 3160 442 3216 se,
471 3140 572 3202 simul
607 3159 643 3200 ac
666 3139 795 3217 potuit,
835 3132 905 3197 ad·
990 3135 992 3139 ’

62 3242 272 3325 Antipatrum
294 3248 428 3330 recepit.
481 3247 647 3311 Eumenes
682 3239 875 3316 Craterum,
896 3250 928 3312 [θ’
