<?xml version="1.0" encoding="UTF-8"?>
<!DOCTYPE html PUBLIC "-//W3C//DTD XHTML 1.0 Transitional//EN"
    "http://www.w3.org/TR/xhtml1/DTD/xhtml1-transitional.dtd">
<html xmlns="http://www.w3.org/1999/xhtml" xml:lang="en" lang="en">
 <head>
  <title>
</title>
<meta http-equiv="Content-Type" content="text/html;charset=utf-8" />
  <meta name='ocr-system' content='tesseract 3.04.00' />
  <meta name='ocr-capabilities' content='ocr_page ocr_carea ocr_par ocr_line ocrx_word'/>
</head>
<body>
  <div class='ocr_page' id='page_1' title='image "./corneliinepotis03nepogoog_0040.png"; bbox 0 0 2100 3668; ppageno 0'>
   <div class='ocr_carea' id='block_1_1' title="bbox 68 148 883 285">
    <p class='ocr_par' dir='ltr' id='par_1_1' title="bbox 68 148 883 285">
     <span class='ocr_line' id='line_1_1' title="bbox 68 148 883 285; baseline 0.012 -25"><span class='ocrx_word' id='word_1_1' title='bbox 68 148 73 221; x_wconf 79' lang='lat'>3</span> <span class='ocrx_word' id='word_1_2' title='bbox 168 203 214 269; x_wconf 84' lang='lat'><strong>11.</strong></span> <span class='ocrx_word' id='word_1_3' title='bbox 238 200 785 282; x_wconf 75' lang='lat' dir='ltr'><strong>rnau1sroctas.5.r.</strong></span> <span class='ocrx_word' id='word_1_4' title='bbox 844 220 883 285; x_wconf 60' lang='grc' dir='ltr'><strong>ῃ</strong></span> 
     </span>
    </p>
   </div>
   <div class='ocr_carea' id='block_1_2' title="bbox 10 386 979 1435">
    <p class='ocr_par' dir='ltr' id='par_1_2' title="bbox 10 386 934 477">
     <span class='ocr_line' id='line_1_2' title="bbox 10 386 934 477; baseline 0.012 -33"><span class='ocrx_word' id='word_1_5' title='bbox 10 411 41 477; x_wconf 52' lang='lat' dir='ltr'><strong>dp</strong></span> <span class='ocrx_word' id='word_1_6' title='bbox 96 386 247 463; x_wconf 76' lang='lat' dir='ltr'><strong>persuasit.</strong></span> <span class='ocrx_word' id='word_1_7' title='bbox 280 388 477 471; x_wconf 83' lang='lat' dir='ltr'><strong>Itaque-qua</strong></span> <span class='ocrx_word' id='word_1_8' title='bbox 496 396 554 450; x_wconf 82' lang='lat' dir='ltr'><strong>seir</strong></span> <span class='ocrx_word' id='word_1_9' title='bbox 567 386 739 455; x_wconf 82' lang='lat' dir='ltr'><strong>mensibus</strong></span> <span class='ocrx_word' id='word_1_10' title='bbox 757 393 821 455; x_wconf 87' lang='lat' dir='ltr'><strong>iter</strong></span> <span class='ocrx_word' id='word_1_11' title='bbox 834 395 882 454; x_wconf 80' lang='lat' dir='ltr'><strong>ie·</strong></span> <span class='ocrx_word' id='word_1_12' title='bbox 903 408 934 473; x_wconf 76' lang='lat'><strong>2.</strong></span> 
     </span>
    </p>

    <p class='ocr_par' dir='ltr' id='par_1_3' title="bbox 14 480 885 580">
     <span class='ocr_line' id='line_1_3' title="bbox 14 480 885 580; baseline 0.009 -30"><span class='ocrx_word' id='word_1_13' title='bbox 14 480 50 580; x_wconf 44' lang='grc' dir='ltr'><strong>ὅθ’</strong></span> <span class='ocrx_word' id='word_1_14' title='bbox 94 503 170 565; x_wconf 81' lang='lat' dir='ltr'><strong>erat,</strong></span> <span class='ocrx_word' id='word_1_15' title='bbox 187 494 423 563; x_wconf 79' lang='lat' dir='ltr'><strong>eademminus</strong></span> <span class='ocrx_word' id='word_1_16' title='bbox 441 494 558 557; x_wconf 87' lang='lat' dir='ltr'><strong>diebus</strong></span> <span class='ocrx_word' id='word_1_17' title='bbox 568 497 709 576; x_wconf 70' lang='lat' dir='ltr'><strong>triginta</strong></span> <span class='ocrx_word' id='word_1_18' title='bbox 721 499 756 558; x_wconf 90' lang='lat' dir='ltr'><strong>iu</strong></span> <span class='ocrx_word' id='word_1_19' title='bbox 771 496 885 559; x_wconf 80' lang='lat' dir='ltr'><strong>Asiam</strong></span> 
     </span>
    </p>

    <p class='ocr_par' dir='ltr' id='par_1_4' title="bbox 10 597 884 683">
     <span class='ocr_line' id='line_1_4' title="bbox 10 597 884 683; baseline 0.001 -24"><span class='ocrx_word' id='word_1_20' title='bbox 10 645 31 683; x_wconf 58' lang='lat' dir='ltr'><strong>‚m</strong></span> <span class='ocrx_word' id='word_1_21' title='bbox 82 616 223 660; x_wconf 80' lang='lat' dir='ltr'><strong>reversus</strong></span> <span class='ocrx_word' id='word_1_22' title='bbox 244 613 313 674; x_wconf 85' lang='lat' dir='ltr'><strong>est,</strong></span> <span class='ocrx_word' id='word_1_23' title='bbox 336 618 446 681; x_wconf 80' lang='lat' dir='ltr'><strong>seque</strong></span> <span class='ocrx_word' id='word_1_24' title='bbox 462 620 489 662; x_wconf 87' lang='lat' dir='ltr'><strong>a·</strong></span> <span class='ocrx_word' id='word_1_25' title='bbox 499 597 725 664; x_wconf 84' lang='lat' dir='ltr'><strong>Themistocle</strong></span> <span class='ocrx_word' id='word_1_26' title='bbox 740 621 804 663; x_wconf 87' lang='lat' dir='ltr'><strong>non</strong></span> <span class='ocrx_word' id='word_1_27' title='bbox 828 621 884 661; x_wconf 88' lang='lat' dir='ltr'><strong>su-</strong></span> 
     </span>
    </p>

    <p class='ocr_par' dir='ltr' id='par_1_5' title="bbox 10 707 979 788">
     <span class='ocr_line' id='line_1_5' title="bbox 10 707 979 788; baseline 0.003 -21"><span class='ocrx_word' id='word_1_28' title='bbox 10 741 30 788; x_wconf 60' lang='lat' dir='ltr'><strong>p.</strong></span> <span class='ocrx_word' id='word_1_29' title='bbox 77 718 242 786; x_wconf 75' lang='lat' dir='ltr'><strong>peratum,</strong></span> <span class='ocrx_word' id='word_1_30' title='bbox 272 708 332 768; x_wconf 79' lang='lat' dir='ltr'><strong>sed</strong></span> <span class='ocrx_word' id='word_1_31' title='bbox 362 719 595 767; x_wconf 86' lang='lat' dir='ltr'><strong>conservatum</strong></span> <span class='ocrx_word' id='word_1_32' title='bbox 620 707 787 783; x_wconf 83' lang='lat' dir='ltr'><strong>judicavit.</strong></span> <span class='ocrx_word' id='word_1_33' title='bbox 830 708 924 782; x_wconf 57' lang='lat' dir='ltr'><strong>Sic&amp;</strong></span> <span class='ocrx_word' id='word_1_34' title='bbox 976 772 979 777; x_wconf 69' lang='grc'>,</span> 
     </span>
    </p>

    <p class='ocr_par' dir='ltr' id='par_1_6' title="bbox 11 810 884 1004">
     <span class='ocr_line' id='line_1_6' title="bbox 11 810 883 895; baseline 0.002 -22"><span class='ocrx_word' id='word_1_35' title='bbox 11 878 14 895; x_wconf 43' lang='grc' dir='ltr'>Ι</span> <span class='ocrx_word' id='word_1_36' title='bbox 75 813 163 873; x_wconf 80' lang='lat' dir='ltr'><strong>unius</strong></span> <span class='ocrx_word' id='word_1_37' title='bbox 189 812 254 873; x_wconf 83' lang='lat' dir='ltr'><strong>viri</strong></span> <span class='ocrx_word' id='word_1_38' title='bbox 277 813 458 894; x_wconf 88' lang='lat' dir='ltr'><strong>prudentia</strong></span> <span class='ocrx_word' id='word_1_39' title='bbox 488 810 627 875; x_wconf 81' lang='lat' dir='ltr'><strong>Graecia</strong></span> <span class='ocrx_word' id='word_1_40' title='bbox 648 813 791 873; x_wconf 81' lang='lat' dir='ltr'><strong>liberata</strong></span> <span class='ocrx_word' id='word_1_41' title='bbox 813 825 883 889; x_wconf 82' lang='lat' dir='ltr'><strong>est,</strong></span> 
     </span>
     <span class='ocr_line' id='line_1_7' title="bbox 69 915 884 1004; baseline -0.004 -22"><span class='ocrx_word' id='word_1_42' title='bbox 69 917 287 1004; x_wconf 64' lang='lat' dir='ltr'><strong>Europaeque</strong></span> <span class='ocrx_word' id='word_1_43' title='bbox 305 919 492 981; x_wconf 71' lang='lat' dir='ltr'><strong>²succubuit</strong></span> <span class='ocrx_word' id='word_1_44' title='bbox 517 919 607 982; x_wconf 84' lang='lat' dir='ltr'><strong>Asia.</strong></span> <span class='ocrx_word' id='word_1_45' title='bbox 659 915 749 978; x_wconf 85' lang='lat' dir='ltr'><strong>Haeo</strong></span> <span class='ocrx_word' id='word_1_46' title='bbox 777 916 884 979; x_wconf 82' lang='lat' dir='ltr'><strong>altera</strong></span> 
     </span>
    </p>

    <p class='ocr_par' dir='ltr' id='par_1_7' title="bbox 25 1022 914 1212">
     <span class='ocr_line' id='line_1_8' title="bbox 25 1022 884 1107; baseline -0.003 -20"><span class='ocrx_word' id='word_1_47' title='bbox 25 1058 29 1071; x_wconf 90' lang='lat'>·</span> <span class='ocrx_word' id='word_1_48' title='bbox 68 1026 225 1100; x_wconf 73' lang='lat' dir='ltr'><strong>victoria,</strong></span> <span class='ocrx_word' id='word_1_49' title='bbox 252 1043 335 1107; x_wconf 86' lang='lat' dir='ltr'><strong>quae</strong></span> <span class='ocrx_word' id='word_1_50' title='bbox 356 1044 431 1087; x_wconf 89' lang='lat' dir='ltr'><strong>oum</strong></span> <span class='ocrx_word' id='word_1_51' title='bbox 444 1022 654 1086; x_wconf 80' lang='lat' dir='ltr'><strong>Marathonio</strong></span> <span class='ocrx_word' id='word_1_52' title='bbox 671 1024 780 1107; x_wconf 80' lang='lat' dir='ltr'><strong>possit</strong></span> <span class='ocrx_word' id='word_1_53' title='bbox 792 1044 884 1086; x_wconf 85' lang='lat' dir='ltr'><strong>com·</strong></span> 
     </span>
     <span class='ocr_line' id='line_1_9' title="bbox 64 1116 914 1212; baseline -0.001 -19"><span class='ocrx_word' id='word_1_54' title='bbox 64 1116 177 1212; x_wconf 84' lang='lat' dir='ltr'><strong>parari</strong></span> <span class='ocrx_word' id='word_1_55' title='bbox 193 1141 345 1212; x_wconf 83' lang='lat' dir='ltr'><strong>tropaeo.</strong></span> <span class='ocrx_word' id='word_1_56' title='bbox 387 1133 475 1192; x_wconf 82' lang='lat' dir='ltr'><strong>Nam</strong></span> <span class='ocrx_word' id='word_1_57' title='bbox 493 1131 564 1212; x_wconf 83' lang='lat' dir='ltr'><strong>pari</strong></span> <span class='ocrx_word' id='word_1_58' title='bbox 589 1131 688 1191; x_wconf 89' lang='lat' dir='ltr'><strong>modo</strong></span> <span class='ocrx_word' id='word_1_59' title='bbox 717 1131 805 1211; x_wconf 79' lang='lat' dir='ltr'><strong>apud</strong></span> <span class='ocrx_word' id='word_1_60' title='bbox 823 1128 883 1192; x_wconf 84' lang='lat' dir='ltr'><strong>Sa·</strong></span> <span class='ocrx_word' id='word_1_61' title='bbox 899 1116 914 1179; x_wconf 55' lang='grc'><strong>’-</strong></span> 
     </span>
    </p>

    <p class='ocr_par' dir='ltr' id='par_1_8' title="bbox 10 1226 895 1318">
     <span class='ocr_line' id='line_1_10' title="bbox 10 1226 895 1318; baseline -0.001 -21"><span class='ocrx_word' id='word_1_62' title='bbox 10 1258 17 1311; x_wconf 77' lang='grc' dir='ltr'><strong>,ι</strong></span> <span class='ocrx_word' id='word_1_63' title='bbox 64 1233 189 1297; x_wconf 79' lang='lat' dir='ltr'><strong>lamina</strong></span> <span class='ocrx_word' id='word_1_64' title='bbox 205 1256 311 1318; x_wconf 78' lang='lat' dir='ltr'><strong>parvo</strong></span> <span class='ocrx_word' id='word_1_65' title='bbox 336 1256 476 1298; x_wconf 86' lang='lat' dir='ltr'><strong>numero</strong></span> <span class='ocrx_word' id='word_1_66' title='bbox 497 1235 628 1298; x_wconf 87' lang='lat' dir='ltr'><strong>navium</strong></span> <span class='ocrx_word' id='word_1_67' title='bbox 643 1234 788 1295; x_wconf 85' lang='lat' dir='ltr'><strong>maxima</strong></span> <span class='ocrx_word' id='word_1_68' title='bbox 805 1226 895 1318; x_wconf 84' lang='lat' dir='ltr'><strong>post</strong></span> 
     </span>
    </p>

    <p class='ocr_par' dir='ltr' id='par_1_9' title="bbox 10 1338 821 1435">
     <span class='ocr_line' id='line_1_11' title="bbox 10 1338 821 1435; baseline 0.001 -33"><span class='ocrx_word' id='word_1_69' title='bbox 10 1418 17 1435; x_wconf 25' lang='grc' dir='ltr'>ἱ</span> <span class='ocrx_word' id='word_1_70' title='bbox 61 1338 240 1404; x_wconf 86' lang='lat' dir='ltr'><strong>hominum</strong></span> <span class='ocrx_word' id='word_1_71' title='bbox 255 1343 452 1407; x_wconf 79' lang='lat' dir='ltr'><strong>memoriam</strong></span> <span class='ocrx_word' id='word_1_72' title='bbox 473 1342 589 1406; x_wconf 84' lang='lat' dir='ltr'><strong>classis</strong></span> <span class='ocrx_word' id='word_1_73' title='bbox 608 1352 660 1402; x_wconf 85' lang='lat' dir='ltr'><strong>est</strong></span> <span class='ocrx_word' id='word_1_74' title='bbox 682 1339 821 1403; x_wconf 83' lang='lat' dir='ltr'><strong>devicta.</strong></span> 
     </span>
    </p>
   </div>
   <div class='ocr_carea' id='block_1_3' title="bbox 59 1553 919 1954">
    <p class='ocr_par' dir='ltr' id='par_1_10' title="bbox 59 1553 919 1954">
     <span class='ocr_line' id='line_1_12' title="bbox 113 1553 919 1639; baseline -0.001 -22"><span class='ocrx_word' id='word_1_75' title='bbox 113 1594 116 1599; x_wconf 94' lang='lat'>-</span> <span class='ocrx_word' id='word_1_76' title='bbox 140 1554 290 1639; x_wconf 81' lang='lat' dir='ltr'><strong>Magnus</strong></span> <span class='ocrx_word' id='word_1_77' title='bbox 315 1555 380 1618; x_wconf 89' lang='lat' dir='ltr'><strong>hoc</strong></span> <span class='ocrx_word' id='word_1_78' title='bbox 403 1557 493 1619; x_wconf 83' lang='lat' dir='ltr'><strong>bello</strong></span> <span class='ocrx_word' id='word_1_79' title='bbox 511 1554 752 1616; x_wconf 84' lang='lat' dir='ltr'><strong>Themistocles</strong></span> <span class='ocrx_word' id='word_1_80' title='bbox 779 1554 854 1628; x_wconf 82' lang='lat' dir='ltr'><strong>fuit,</strong></span> <span class='ocrx_word' id='word_1_81' title='bbox 870 1553 919 1616; x_wconf 78' lang='lat' dir='ltr'><strong>VI</strong></span> 
     </span>
     <span class='ocr_line' id='line_1_13' title="bbox 59 1658 877 1743; baseline -0.001 -22"><span class='ocrx_word' id='word_1_82' title='bbox 59 1681 120 1724; x_wconf 87' lang='lat' dir='ltr'><strong>nee</strong></span> <span class='ocrx_word' id='word_1_83' title='bbox 136 1663 253 1723; x_wconf 86' lang='lat' dir='ltr'><strong>minor</strong></span> <span class='ocrx_word' id='word_1_84' title='bbox 269 1663 304 1722; x_wconf 92' lang='lat' dir='ltr'><strong>in</strong></span> <span class='ocrx_word' id='word_1_85' title='bbox 327 1678 419 1743; x_wconf 89' lang='lat' dir='ltr'><strong>pace.</strong></span> <span class='ocrx_word' id='word_1_86' title='bbox 462 1661 571 1739; x_wconf 80' lang='lat' dir='ltr'><strong>Quum</strong></span> <span class='ocrx_word' id='word_1_87' title='bbox 591 1661 679 1720; x_wconf 89' lang='lat' dir='ltr'><strong>enim</strong></span> <span class='ocrx_word' id='word_1_88' title='bbox 704 1658 877 1720; x_wconf 83' lang='lat' dir='ltr'><strong>Phalerico</strong></span> 
     </span>
     <span class='ocr_line' id='line_1_14' title="bbox 64 1761 879 1849; baseline -0.005 -23"><span class='ocrx_word' id='word_1_89' title='bbox 64 1780 176 1847; x_wconf 82' lang='lat' dir='ltr'><strong>portu,-</strong></span> <span class='ocrx_word' id='word_1_90' title='bbox 193 1786 302 1849; x_wconf 85' lang='lat' dir='ltr'><strong>neque</strong></span> <span class='ocrx_word' id='word_1_91' title='bbox 312 1787 432 1849; x_wconf 83' lang='lat' dir='ltr'><strong>magno</strong></span> <span class='ocrx_word' id='word_1_92' title='bbox 448 1784 553 1846; x_wconf 88' lang='lat' dir='ltr'><strong>neque</strong></span> <span class='ocrx_word' id='word_1_93' title='bbox 571 1769 672 1838; x_wconf 90' lang='lat' dir='ltr'><strong>bono,</strong></span> <span class='ocrx_word' id='word_1_94' title='bbox 695 1761 879 1824; x_wconf 86' lang='lat' dir='ltr'><strong>Athenien-</strong></span> 
     </span>
     <span class='ocr_line' id='line_1_15' title="bbox 64 1868 884 1954; baseline 0 -22"><span class='ocrx_word' id='word_1_95' title='bbox 64 1890 117 1933; x_wconf 85' lang='lat' dir='ltr'><strong>ses</strong></span> <span class='ocrx_word' id='word_1_96' title='bbox 134 1885 330 1954; x_wconf 82' lang='lat' dir='ltr'><strong>uterentur3</strong></span> <span class='ocrx_word' id='word_1_97' title='bbox 349 1871 598 1950; x_wconf 84' lang='lat' dir='ltr'><strong>hujusoonsilio</strong></span> <span class='ocrx_word' id='word_1_98' title='bbox 616 1872 738 1954; x_wconf 87' lang='lat' dir='ltr'><strong>triplex</strong></span> <span class='ocrx_word' id='word_1_99' title='bbox 753 1868 884 1941; x_wconf 83' lang='lat' dir='ltr'><strong>Piraeei</strong></span> 
     </span>
    </p>
   </div>
   <div class='ocr_carea' id='block_1_4' title="bbox 55 1977 1030 2068">
    <p class='ocr_par' dir='ltr' id='par_1_11' title="bbox 55 1977 1030 2068">
     <span class='ocr_line' id='line_1_16' title="bbox 55 1977 1030 2068; baseline -0.01 -27"><span class='ocrx_word' id='word_1_100' title='bbox 55 1993 180 2063; x_wconf 82' lang='lat' dir='ltr'><strong>portus</strong></span> <span class='ocrx_word' id='word_1_101' title='bbox 199 1981 404 2044; x_wconf 77' lang='lat' dir='ltr'><strong>consumtus</strong></span> <span class='ocrx_word' id='word_1_102' title='bbox 422 1992 493 2052; x_wconf 88' lang='lat' dir='ltr'><strong>est,</strong></span> <span class='ocrx_word' id='word_1_103' title='bbox 512 1978 608 2059; x_wconf 86' lang='lat' dir='ltr'><strong>isque</strong></span> <span class='ocrx_word' id='word_1_104' title='bbox 622 1977 798 2040; x_wconf 87' lang='lat' dir='ltr'><strong>moenibus</strong></span> <span class='ocrx_word' id='word_1_105' title='bbox 817 1978 881 2038; x_wconf 67' lang='lat' dir='ltr'><strong>cira</strong></span> <span class='ocrx_word' id='word_1_106' title='bbox 992 2012 995 2017; x_wconf 35' lang='lat' dir='ltr'>v</span> <span class='ocrx_word' id='word_1_107' title='bbox 1025 2061 1030 2068; x_wconf 86' lang='lat'>.</span> 
     </span>
    </p>
   </div>
   <div class='ocr_carea' id='block_1_5' title="bbox 56 2081 922 3343">
    <p class='ocr_par' dir='ltr' id='par_1_12' title="bbox 56 2081 922 3343">
     <span class='ocr_line' id='line_1_17' title="bbox 56 2081 880 2167; baseline -0.002 -22"><span class='ocrx_word' id='word_1_108' title='bbox 56 2087 239 2147; x_wconf 76' lang='lat' dir='ltr'><strong>cumdatns</strong></span> <span class='ocrx_word' id='word_1_109' title='bbox 249 2126 260 2160; x_wconf 95' lang='lat'><strong>,</strong></span> <span class='ocrx_word' id='word_1_110' title='bbox 280 2099 319 2147; x_wconf 87' lang='lat' dir='ltr'><strong>ut</strong></span> <span class='ocrx_word' id='word_1_111' title='bbox 335 2087 445 2167; x_wconf 82' lang='lat' dir='ltr'><strong>ipsam</strong></span> <span class='ocrx_word' id='word_1_112' title='bbox 461 2086 576 2145; x_wconf 79' lang='lat' dir='ltr'><strong>urbem</strong></span> <span class='ocrx_word' id='word_1_113' title='bbox 587 2081 747 2161; x_wconf 83' lang='lat' dir='ltr'><strong>dignitate</strong></span> <span class='ocrx_word' id='word_1_114' title='bbox 766 2084 880 2166; x_wconf 84' lang='lat' dir='ltr'><strong>aequi-</strong></span> 
     </span>
     <span class='ocr_line' id='line_1_18' title="bbox 56 2186 922 2272; baseline 0.002 -19"><span class='ocrx_word' id='word_1_115' title='bbox 56 2204 216 2271; x_wconf 76' lang='lat' dir='ltr'><strong>pararet,</strong></span> <span class='ocrx_word' id='word_1_116' title='bbox 246 2191 390 2252; x_wconf 86' lang='lat' dir='ltr'><strong>utilitate</strong></span> <span class='ocrx_word' id='word_1_117' title='bbox 419 2196 601 2269; x_wconf 78' lang='lat' dir='ltr'><strong>superaret.</strong></span> <span class='ocrx_word' id='word_1_118' title='bbox 643 2186 922 2272; x_wconf 81' lang='lat' dir='ltr'><strong>Idem&#39;muros2</strong></span> 
     </span>
     <span class='ocr_line' id='line_1_19' title="bbox 59 2293 881 2380; baseline -0.002 -22"><span class='ocrx_word' id='word_1_119' title='bbox 59 2293 319 2359; x_wconf 78' lang='lat' dir='ltr'><strong>Atheniensium</strong></span> <span class='ocrx_word' id='word_1_120' title='bbox 350 2294 495 2367; x_wconf 78' lang='lat' dir='ltr'><strong>restituit</strong></span> <span class='ocrx_word' id='word_1_121' title='bbox 523 2293 703 2374; x_wconf 88' lang='lat' dir='ltr'><strong>praecipuo</strong></span> <span class='ocrx_word' id='word_1_122' title='bbox 730 2302 881 2380; x_wconf 70' lang='lat' dir='ltr'><strong>periculo</strong></span> 
     </span>
     <span class='ocr_line' id='line_1_20' title="bbox 60 2390 885 2483; baseline 0 -23"><span class='ocrx_word' id='word_1_123' title='bbox 60 2402 134 2462; x_wconf 83' lang='lat' dir='ltr'><strong>sno&#39;.</strong></span> <span class='ocrx_word' id='word_1_124' title='bbox 178 2390 332 2483; x_wconf 82' lang='lat' dir='ltr'><strong>Namque</strong></span> <span class='ocrx_word' id='word_1_125' title='bbox 351 2400 620 2473; x_wconf 81' lang='lat' dir='ltr'><strong>Lacedaemonii,</strong></span> <span class='ocrx_word' id='word_1_126' title='bbox 648 2422 784 2465; x_wconf 86' lang='lat' dir='ltr'><strong>causam</strong></span> <span class='ocrx_word' id='word_1_127' title='bbox 809 2406 885 2466; x_wconf 84' lang='lat' dir='ltr'><strong>ido.</strong></span> 
     </span>
     <span class='ocr_line' id='line_1_21' title="bbox 58 2504 882 2589; baseline 0.005 -25"><span class='ocrx_word' id='word_1_128' title='bbox 58 2504 255 2567; x_wconf 82' lang='lat' dir='ltr'><strong>neamuaoti</strong></span> <span class='ocrx_word' id='word_1_129' title='bbox 264 2519 403 2589; x_wconf 87' lang='lat' dir='ltr'><strong>propter</strong></span> <span class='ocrx_word' id='word_1_130' title='bbox 417 2505 634 2568; x_wconf 84' lang='lat' dir='ltr'><strong>barbarorum</strong></span> <span class='ocrx_word' id='word_1_131' title='bbox 651 2509 882 2582; x_wconf 84' lang='lat' dir='ltr'><strong>excursiones,</strong></span> 
     </span>
     <span class='ocr_line' id='line_1_22' title="bbox 58 2611 886 2693; baseline 0.005 -25"><span class='ocrx_word' id='word_1_132' title='bbox 58 2628 131 2690; x_wconf 87' lang='lat' dir='ltr'><strong>qua</strong></span> <span class='ocrx_word' id='word_1_133' title='bbox 154 2612 331 2690; x_wconf 84' lang='lat' dir='ltr'><strong>negarent,</strong></span> <span class='ocrx_word' id='word_1_134' title='bbox 369 2622 521 2693; x_wconf 75' lang='lat' dir='ltr'><strong>oportere</strong></span> <span class='ocrx_word' id='word_1_135' title='bbox 550 2622 644 2672; x_wconf 81' lang='lat' dir='ltr'><strong>extra</strong></span> <span class='ocrx_word' id='word_1_136' title='bbox 674 2611 886 2693; x_wconf 87' lang='lat' dir='ltr'><strong>Peloponne-</strong></span> 
     </span>
     <span class='ocr_line' id='line_1_23' title="bbox 58 2712 884 2795; baseline 0.008 -21"><span class='ocrx_word' id='word_1_137' title='bbox 58 2732 138 2779; x_wconf 80' lang='lat' dir='ltr'><strong>sum</strong></span> <span class='ocrx_word' id='word_1_138' title='bbox 158 2716 262 2795; x_wconf 73' lang='lat' dir='ltr'><strong>ullam</strong></span> <span class='ocrx_word' id='word_1_139' title='bbox 286 2719 405 2780; x_wconf 87' lang='lat' dir='ltr'><strong>urbem</strong></span> <span class='ocrx_word' id='word_1_140' title='bbox 430 2712 571 2789; x_wconf 80' lang='lat' dir='ltr'><strong>habere,</strong></span> <span class='ocrx_word' id='word_1_141' title='bbox 602 2737 643 2778; x_wconf 92' lang='lat' dir='ltr'><strong>ne</strong></span> <span class='ocrx_word' id='word_1_142' title='bbox 670 2731 784 2780; x_wconf 86' lang='lat' dir='ltr'><strong>essent</strong></span> <span class='ocrx_word' id='word_1_143' title='bbox 808 2719 884 2783; x_wconf 87' lang='lat' dir='ltr'><strong>loca</strong></span> 
     </span>
     <span class='ocr_line' id='line_1_24' title="bbox 58 2822 884 2906; baseline 0.002 -23"><span class='ocrx_word' id='word_1_144' title='bbox 58 2822 205 2897; x_wconf 84' lang='lat' dir='ltr'><strong>munita,</strong></span> <span class='ocrx_word' id='word_1_145' title='bbox 227 2841 313 2906; x_wconf 90' lang='lat' dir='ltr'><strong>quae</strong></span> <span class='ocrx_word' id='word_1_146' title='bbox 331 2822 677 2905; x_wconf 84' lang='lat' dir='ltr'><strong>hostespossiderent,</strong></span> <span class='ocrx_word' id='word_1_147' title='bbox 698 2822 884 2886; x_wconf 81' lang='lat' dir='ltr'><strong>Athenien·</strong></span> 
     </span>
     <span class='ocr_line' id='line_1_25' title="bbox 59 2927 921 3013; baseline -0.001 -23"><span class='ocrx_word' id='word_1_148' title='bbox 59 2948 116 2991; x_wconf 77' lang='lat' dir='ltr'><strong>ees</strong></span> <span class='ocrx_word' id='word_1_149' title='bbox 137 2929 349 2993; x_wconf 80' lang='lat' dir='ltr'><strong>aedificantes</strong></span> <span class='ocrx_word' id='word_1_150' title='bbox 361 2927 539 3013; x_wconf 83' lang='lat' dir='ltr'><strong>prohibere</strong></span> <span class='ocrx_word' id='word_1_151' title='bbox 558 2941 636 2988; x_wconf 85' lang='lat' dir='ltr'><strong>sunt</strong></span> <span class='ocrx_word' id='word_1_152' title='bbox 654 2930 776 2992; x_wconf 85' lang='lat' dir='ltr'><strong>conati.</strong></span> <span class='ocrx_word' id='word_1_153' title='bbox 810 2929 880 2990; x_wconf 89' lang='lat' dir='ltr'><strong>Hoc</strong></span> <span class='ocrx_word' id='word_1_154' title='bbox 901 2933 921 2999; x_wconf 75' lang='grc'>5</span> 
     </span>
     <span class='ocr_line' id='line_1_26' title="bbox 59 3034 878 3120; baseline 0 -26"><span class='ocrx_word' id='word_1_155' title='bbox 59 3034 161 3117; x_wconf 77' lang='lat' dir='ltr'><strong>longe</strong></span> <span class='ocrx_word' id='word_1_156' title='bbox 177 3037 243 3098; x_wconf 89' lang='lat' dir='ltr'><strong>alio</strong></span> <span class='ocrx_word' id='word_1_157' title='bbox 260 3039 446 3120; x_wconf 80' lang='lat' dir='ltr'><strong>spectabat,</strong></span> <span class='ocrx_word' id='word_1_158' title='bbox 471 3047 570 3117; x_wconf 87' lang='lat' dir='ltr'><strong>atque</strong></span> <span class='ocrx_word' id='word_1_159' title='bbox 585 3036 693 3098; x_wconf 86' lang='lat' dir='ltr'><strong>videri</strong></span> <span class='ocrx_word' id='word_1_160' title='bbox 710 3037 878 3100; x_wconf 86' lang='lat' dir='ltr'><strong>volebant.</strong></span> 
     </span>
     <span class='ocr_line' id='line_1_27' title="bbox 62 3140 883 3214; baseline -0.007 -8"><span class='ocrx_word' id='word_1_161' title='bbox 62 3142 284 3209; x_wconf 83' lang='lat' dir='ltr'><strong>Athenienses</strong></span> <span class='ocrx_word' id='word_1_162' title='bbox 303 3144 390 3205; x_wconf 88' lang='lat' dir='ltr'><strong>enim</strong></span> <span class='ocrx_word' id='word_1_163' title='bbox 418 3145 546 3206; x_wconf 86' lang='lat' dir='ltr'><strong>duabus</strong></span> <span class='ocrx_word' id='word_1_164' title='bbox 576 3143 743 3214; x_wconf 86' lang='lat' dir='ltr'><strong>victoriis,</strong></span> <span class='ocrx_word' id='word_1_165' title='bbox 766 3140 883 3200; x_wconf 85' lang='lat' dir='ltr'><strong>Mara-</strong></span> 
     </span>
     <span class='ocr_line' id='line_1_28' title="bbox 62 3243 883 3343; baseline -0.005 -33"><span class='ocrx_word' id='word_1_166' title='bbox 62 3247 178 3315; x_wconf 85' lang='lat' dir='ltr'><strong>thonia</strong></span> <span class='ocrx_word' id='word_1_167' title='bbox 195 3246 446 3343; x_wconf 48' lang='lat' dir='ltr'><strong>ettssalanrinia,</strong></span> <span class='ocrx_word' id='word_1_168' title='bbox 475 3259 603 3314; x_wconf 85' lang='lat' dir='ltr'><strong>tautam</strong></span> <span class='ocrx_word' id='word_1_169' title='bbox 624 3249 769 3333; x_wconf 79' lang='lat' dir='ltr'><strong>gloriam</strong></span> <span class='ocrx_word' id='word_1_170' title='bbox 790 3243 883 3330; x_wconf 70' lang='lat' dir='ltr'><strong>apud</strong></span> 
     </span>
    </p>
   </div>
   <div class='ocr_carea' id='block_1_6' title="bbox 0 0 1062 3668">
    <p class='ocr_par' dir='ltr' id='par_1_13' title="bbox 0 0 1062 3668">
     <span class='ocr_line' id='line_1_29' title="bbox 0 0 1062 3668; baseline 0 0"><span class='ocrx_word' id='word_1_171' title='bbox 0 0 1062 3668; x_wconf 95' lang='lat' dir='ltr'><strong> </strong></span> 
     </span>
    </p>
   </div>
  </div>
 </body>
</html>
