2100 3668
19 254 24 265 =
107 207 192 290 ‘tto
289 203 379 269 xlv.
410 198 682 304 uallatas.
706 162 862 281 roto·¹

92 438 98 473 ι
137 404 358 488 suspicionem
376 400 428 474 illl
451 403 629 502 praeberet¹
641 384 863 478 insidiarum,
884 418 932 472 nes

134 531 196 597 que
212 507 411 588 colloquium
429 506 500 581 ejus
519 506 653 587 petivit,
684 516 792 589 neque
815 507 851 569 in
869 527 933 599 con·

105 680 108 685 ,
132 628 280 700 spectum
297 611 408 699 venire
432 611 569 675 studuit.
612 609 664 673 Sic
687 616 809 677 absens
833 610 935 674 amici·

111 724 213 799 itilsm
232 720 385 800 gerebat,
406 725 529 802 utnon
545 715 715 781 benefieiis
731 717 870 792 mutuis,
887 706 936 781 sed

50 869 52 879 ,
133 820 208 890 odio
229 821 410 893 communi,
443 823 532 900 quod
555 842 633 901 erga
656 842 770 904 regem
790 839 936 904 suscepe-

87 998 92 1004 ,
131 943 223 1004 rant,
252 925 414 989 contineri
432 927 633 989 viderentur.
753 938 756 943 '

93 1140 139 1204 xl
180 1180 184 1187 -
219 1139 259 1199 ld
276 1155 377 1219 quum
399 1142 479 1218 satis
509 1160 544 1201 se
569 1139 786 1204 confirmasse
803 1131 936 1207 arbitra·

132 1261 187 1308 tus
206 1254 274 1317 est,
296 1245 470 1305 certiorem
488 1245 567 1307 lacit
586 1236 762 1309 Datamem
773 1283 784 1318 ‚
814 1254 936 1325 tempas

90 1378 93 1383 ·
132 1333 393 1424 esse‚‚1majores
415 1352 576 1411 exercitus
597 1352 729 1431 parari,
762 1362 795 1411 et
818 1349 936 1413 bellum

132 1477 206 1517 cum
219 1457 296 1542 ¹ipso
310 1473 387 1534 rege
413 1455 559 1536 suscipi3
593 1457 698 1538 deque
722 1476 761 1518 ea
781 1475 818 1515 re
829 1492 855 1528 „
871 1455 900 1513 si
915 1451 936 1514 ei

129 1538 316 1633 videretur,
348 1581 413 1640 quo
432 1560 505 1622 loco
526 1559 649 1634 vellet,
683 1561 718 1621 in
744 1561 936 1642 colloquium

130 1669 266 1728 veniret.
319 1663 461 1729 Probata
486 1686 543 1739 re,
575 1666 787 1746 colloquendi
812 1679 936 1748 tempus

91 1782 113 1849 2
134 1775 295 1846 sumitur,
316 1769 492 1851 locusque,
514 1773 856 1861 quoconveniretur'..
877 1771 936 1832 Hut

131 1878 343 1947 Mithridates
363 1893 436 1934 cum
450 1894 538 1949 uno,
570 1878 630 1940 cul·
644 1878 826 1966 maximam
842 1877 936 1941 habe·

95 2028 112 2049 s
128 1990 187 2050 bat
200 1985 321 2054 fidem,
344 1993 419 2057 aitte
432 1981 559 2062 aliquot
575 1985 645 2045 dies
664 1983 772 2057 venit,
795 1983 936 2065 complu.

127 2093 289 2170 ribusque
307 2086 388 2147 locis
407 2090 588 2169 separatim
599 2090 728 2171 gladios
748 2089 872 2163 obruit,
891 2084 936 2147 eal

130 2206 193 2277 que
211 2195 285 2255 loca
303 2173 479 2272 diligenter
497 2205 601 2256 notat.
619 2238 623 2248 ,
646 2195 724 2275 lpso
743 2204 855 2275 autem
877 2193 936 2255 col·

127 2299 285 2381 loquendi
311 2299 364 2360 die
394 2301 543 2382 utrique,
570 2298 680 2360 locum
704 2299 761 2380 qui
789 2299 937 2380 explora·

131 2419 222 2476 rent,
262 2417 360 2486 atque
390 2405 483 2485 ipsos
512 2390 760 2483 scrutarentur,
798 2404 936 2469 mittunt·

61 2542 63 2547 ¹
91 2518 110 2583 ὅ
131 2512 259 2599 Deinde
276 2509 341 2593 ipsi
364 2521 441 2569 sunt
460 2511 644 2590 congressi.
689 2509 749 2571 Hic
764 2493 868 2590 'quum
884 2507 936 2573 all·

129 2615 289 2696 quamdiu
309 2615 344 2677 in
363 2617 528 2697 colloquio
560 2615 722 2688 fuissent,
759 2627 793 2676 et
822 2610 936 2677 diversi

132 2710 379 2795 discessissent,
400 2706 534 2803 jamque
544 2719 662 2809 procul
676 2720 837 2781 Datames
848 2720 936 2783 abes·

130 2835 200 2884 set:
235 2810 468 2899 Mithridates,
496 2827 691 2911 priusquam
708 2826 849 2897 adsuos
868 2840 936 2907 pqr·

44 2966 48 2973 ·
129 2930 277 3002 ueniret,
306 2948 346 2993 ne
367 2949 467 3010 quam
487 2931 711 3014 suspicionem
732 2910 936 3012 pareret,iu

132 3036 284 3097 eumdem
300 3035 411 3094 locum
434 3037 630 3111 revertitur,
662 3048 759 3118 atque
785 3036 856 3110 ibi,
886 3036 936 3105 ult

43 3166 47 3173 ·
128 3139 233 3199 telum
259 3152 335 3201 erat·
351 3141 564 3226 impositum,
594 3143 739 3214 resedit,
765 3128 852 3218 ut'si
871 3140 936 3219 [a]

130 3238 327 3307 lassitudine
345 3252 480 3329 cuperet
499 3247 708 3333 acquiescere
721 3266 737 3323 t,
752 3246 936 3313 Datamen·

8 1426 15 1455 l
