2086 3676
135 266 194 327 102
313 248 404 311 xlv.
435 238 715 321 narratas,
738 258 772 325 s.
798 262 830 327 t

136 432 197 495 {icc
219 423 397 495 Datamem
422 434 580 495 donatum
606 434 650 494 ad
676 434 868 495 exercitum
896 436 946 497 mi.

135 542 196 613 sit,
222 539 278 619 qui
298 550 369 601 tum
385 538 644 601 contrahebatur
662 542 746 600 (luce
763 536 947 605 Pharnaba·

135 670 176 711 zo
189 659 221 708 et
239 644 437 707 Tithrauste
451 648 493 707 ad
505 646 633 709 bellum
651 644 881 727 Aegyptium,
901 664 947 727 pa·

128 757 231 837 rique
250 771 345 824 eum,
378 762 475 832 atque
499 751 597 825 illos,
620 752 763 832 imperio
786 772 866 815 esse
891 756 949 833 int·

136 862 190 922 sit.
233 858 353 917 Postea
382 876 461 917 vero
490 876 588 937 quam
613 854 881 923 Pharnabazum
903 880 950 921 rer

134 963 322 1034 revocavit,
359 960 412 1021 illi
433 982 563 1024 summa
589 962 724 1046 imperii
746 966 880 1027 tradita
899 958 964 1027 est'

96 1175 146 1235 lv
227 1171 289 1232 Hic
315 1192 417 1251 quum
441 1175 586 1236 maximo
612 1171 721 1233 studio
745 1182 951 1257 compararet

135 1277 333 1351 exercitum,
351 1276 787 1361 Aegyptumqueprolicisci
813 1288 950 1361 pararet,

134 1384 244 1447 subito
273 1404 292 1444 a
315 1402 393 1462 rege
418 1384 551 1444 litterae
577 1395 655 1443 sunt
680 1383 710 1442 ei
734 1385 892 1462 missae,
923 1396 950 1447 ut

135 1488 252 1569 Aspim
275 1491 530 1569 aggrederetur-²
560 1488 616 1568 qui
643 1478 849 1551 Cataoniam
872 1504 948 1554 tene·

134 1600 215 1660 bat:
253 1614 338 1676 quae
358 1614 438 1677 gens
459 1594 546 1671 jacet
559 1602 660 1673 supra
679 1591 862 1667 Ciliciam,
886 1616 941 1659 cor·

92 1694 465 1785 gfiniscappadociae.
508 1702 661 1779 Namque
673 1700 799 1779 Aspis,
831 1684 966 1771 saltur·

32 1800 45 1823 ¹
134 1824 206 1866 sam
229 1808 403 1885 regionem
426 1803 637 1884 castellisque
669 1805 841 1868 munitam
868 1808 949 1871 lncc'·

131 1910 225 1985 leus,
254 1932 320 1971 uon
347 1912 455 1972 solum
475 1909 619 1989 imperio
645 1907 735 1987 regis
764 1930 838 1973 non
861 1930 951 1997 pare.

131 2020 217 2092 bats
240 2018 299 2077 scd
322 2016 421 2075 etiam
440 2012 598 2075 finitimas
622 2014 776 2093 regiones
796 2022 950 2091 vexabat,

92 2127 180 2195 zet,
206 2140 290 2202 quae
314 2122 386 2201 regi
398 2120 630 2203 portarentur,
654 2118 858 2199 abripiebat.
887 2122 952 2184 Da·

132 2238 263 2300 tames,
302 2227 364 2288 etsi
395 2226 494 2306 longe
518 2230 633 2288 aberat
655 2226 696 2287 ab
726 2222 782 2283 his
804 2226 951 2306 regioni·

129 2336 216 2407 bus,
242 2344 275 2393 et
295 2351 315 2394 a
336 2334 463 2409 majore
483 2352 518 2393 re
537 2329 817 2399 abstrahebatur,
841 2340 951 2391 tamea

130 2438 222 2517 regis
247 2438 411 2499 voluntati
439 2454 566 2497 morem
595 2434 777 2515 gerendum
806 2435 948 2515 putavit.

130 2540 247 2623 Itaque
264 2562 339 2603 cum
359 2543 492 2625 paucis,
524 2542 583 2602 sed
606 2542 687 2600 viris
715 2539 864 2602 fortibus
894 2562 949 2603 na-

131 2664 205 2705 vem
227 2647 436 2707 conscendit:
461 2647 675 2719 existimans,
699 2647 734 2708 id
752 2648 847 2725 quod
866 2648 948 2711 accl-

130 2748 197 2823 dit,
234 2751 364 2814 facilius
395 2770 430 2810 se
454 2750 699 2831 imprudentem
721 2772 832 2832 parva·
850 2774 949 2817 manu

131 2874 392 2937 oppressurum,
418 2879 518 2939 quam
531 2870 686 2939 puratum
711 2858 866 2938 quamvis
880 2880 947 2921 ma-

88 2967 194 3040 agno
223 2963 380 3023 exercitu.
442 2964 511 3026 Hac
544 2964 673 3025 delatus
708 2962 743 3021 in
774 2959 948 3035 Ciliciam,

129 3082 285 3143 egressus
309 3068 406 3142 iude,
430 3069 500 3129 rlies
525 3080 704 3148 noctesque
724 3067 788 3125 iter
809 3066 948 3139 sacient,

128 3168 277 3231 'laurum
289 3172 433 3245 transiit,
460 3193 576 3255 eoque,
599 3194 663 3255 quo
679 3172 873 3245 studuerat,
889 3188 947 3263 tre.

126 3273 198 3353 uit3
225 3277 375 3365 quaerit,
406 3278 527 3359 quibus
549 3279 631 3354 locis
661 3278 705 3341 sit
731 3276 857 3361 Aspis3
894 3296 946 3343 oo·
990 3310 992 3363 !

21 3407 131 3460 —s
