2100 3668
99 192 141 285 f
212 182 745 298 v1.LYS‚aNDER·.''3.a.:
827 234 963 307 stt*

78 403 347 487 tri-corrumpere
384 415 524 466 conatus
555 406 685 468 essetf
720 411 947 484 Accusatusa

83 507 138 573 huc
157 512 315 586 crimine,
336 493 555 591 judicumque
570 513 745 576 absolutus
768 526 903 575 senten-

88 619 153 691 tiis,
176 617 413 685 Orchomeniis
434 620 559 680 missus
580 618 730 680 subsidio
742 661 751 693 ‚
775 622 905 682 occisus

89 723 347 788 estaThebanis
368 726 456 806 apud
474 714 675 786 Halidrtum.
720 726 830 808 Quam
847 747 904 788 ve·
920 737 942 809 5
1043 796 1046 801 .

90 848 117 891 re
147 833 184 892 de
211 851 250 891 eo
269 833 368 892 foret
395 810 623 907 judicatum,
647 833 764 893 oratio
781 833 905 894 indicio
955 892 958 905 ,

78 935 155 1013 ¹luit,
181 957 268 1019 quae
285 950 364 1018 post
383 946 527 1003 mortem
555 940 590 997 in
620 940 718 1003 dumo
746 940 820 1014 ejus
849 959 905 1000 rc
975 934 979 947 '

91 1053 168 1120 perta
196 1054 248 1103 est
257 1081 267 1116 ,
305 1043 340 1102 in
365 1064 432 1124 qua
460 1047 581 1106 suadet
604 1044 901 1118 Lacedaemoniis,

92 1157 135 1220 ut,
158 1148 249 1228 regia
264 1162 430 1233 potestate
449 1151 639 1224 dissoluta,
673 1171 713 1212 ex
741 1124 926 1213 omnihus⁸
973 1186 1004 1193 --

94 1252 146 1312 dux
162 1255 327 1335 deligatur
349 1258 391 1318 ad
415 1258 543 1320 bellum
560 1260 766 1340 gerendum3
787 1256 904 1317 sedita
980 1256 1003 1297 Ἴ

94 1360 214 1440 scripta,
236 1373 274 1420 ut
290 1346 429 1425 deararn
442 1366 612 1426 videretur
623 1383 807 1444 congruere
824 1380 902 1421 sen-
992 1442 995 1453 1

95 1466 215 1539 tantiae,
245 1488 344 1548 quam
368 1470 425 1530 ille
454 1491 490 1532 se
508 1454 727 1544 habiturum,
758 1468 901 1550 pecunia

95 1565 198 1646 idrus,
220 1594 286 1648 nau
307 1555 494 1640 dubitabat.
544 1576 636 1641 Hanc
660 1579 691 1661 qi
723 1574 900 1656 scripsisse

84 1668 177 1761 ⁸(ilcan
202 1677 481 1762 Halicarnasseus
504 1682 634 1751 dicitur,

155 1891 261 1967 Atque
273 1887 337 1950 hoc
351 1889 425 1953 loco
443 1896 510 1954 nou
527 1903 582 1953 ‘est
597 1890 877 1974 praetereundum
888 1889 936 1950 IV
1008 1901 1012 1916 ¹

94 1986 197 2052 lactum
223 1986 469 2077 Pharnabazi„
497 1997 641 2082 satrapis
665 1995 760 2074 regii.
814 1994 902 2055 Nam

94 2113 176 2174 quum
191 2099 366 2175 Lysander
393 2104 583 2183 praefectus
612 2100 730 2162 classis
749 2100 784 2158 in
808 2101 899 2162 bellu

92 2205 178 2266 multa
200 2207 380 2275 crudeliter
406 2225 572 2287 avareque
603 2207 753 2279 fecisset,
792 2205 898 2287 deque

90 2300 246 2374 liarehus
270 2313 497 2393 suspicaretur
524 2313 566 2376 ad
597 2310 684 2370 cives
715 2331 794 2373 suos
823 2331 898 2371 esse

89 2411 239 2490 perlatuin
249 2459 258 2491 ‚
280 2419 377 2501 petiit
395 2417 666 2491 aetarnahazo,
687 2430 725 2478 ut
736 2421 778 2487 ad
792 2420 897 2501 epho-

88 2535 131 2581 rus
147 2525 210 2587 sibi
237 2526 465 2593 testimonium
482 2526 596 2598 daret,
626 2535 749 2604 quauta
774 2527 896 2591 sancti-

87 2634 140 2690 tate
157 2632 283 2696 bellum
307 2632 470 2712 gessisset
502 2631 680 2711 sociosque
706 2642 896 2706 tractasset,

86 2732 179 2818 deque
208 2758 247 2799 ea
271 2758 307 2798 re
335 2749 487 2806 accurate
517 2718 702 2803 scriberet:
739 2756 896 2814 magnam

83 2843 161 2904 euim
185 2845 266 2920 ejus*
288 2847 520 2909 auctoritatem
547 2846 581 2905 in
610 2864 649 2906 ea
674 2861 711 2906 re
736 2843 896 2904 futuram.
933 2878 936 2883 2

80 2943 157 3011 Huic
177 2950 235 3010 ille
255 2952 442 3015 liberaliter
458 2952 655 3034 pellicatum
682 2948 806 3016 librum
820 2963 938 3029 grusz
1011 2972 1015 2981 ·

78 3072 147 3118 vem
164 3057 279 3117 multis
297 3059 408 3135 verbis
428 3059 643 3139 conscripsit,
664 3057 699 3116 iu
718 3077 782 3136 quo
802 3075 895 3114 sum·
928 3102 931 3107 .

75 3163 137 3223 mis
158 3183 234 3224 eum
253 3162 506 3231 feredaudibus.
545 3165 653 3247 Quem
672 3184 773 3244 quum
791 3162 896 3241 legis·

74 3274 405 3355 setprobassetque‚
444 3273 525 3337 dum
551 3273 723 3358 signatur,
752 3271 906 3343 alteruca'
