2100 3668
102 208 147 272 u·
241 188 300 250 iv.
332 184 646 249 Pausanias.
672 193 702 257 3.
722 197 752 260 n.

14 395 20 400 ⁷
103 393 201 457 agros
213 352 547 432 Lacedaemoniorum
566 367 656 441 colit,
676 366 916 448 servorumque

102 496 238 539 munere
263 474 433 553 fungitur.¹
480 472 547 531 Hos
578 492 708 554 quoque
735 473 916 535 sollicitare

60 598 82 666 7
103 594 161 666 s'pe
177 564 341 669 libertatis
364 578 625 642 existimabatur.
670 579 734 641 Sed
751 582 839 661 quod
856 580 919 641 ha·

106 708 181 752 rum
201 694 317 745 ‘rerum
350 686 479 746 nulium
498 696 578 748 'erat
601 693 754 767 apertum
779 689 917 761 crimen,

103 817 169 878 quo
195 790 289 871 argui
315 803 449 871 posset,
479 814 546 852 non
570 797 749 874 putabant,
787 795 827 856 de
859 790 921 854 tali

4 917 17 928 ”
102 915 234 979 tamque
250 896 338 958 claro
354 899 424 957 viro
437 901 680 983 suspicionibus
698 900 850 980 oportere
864 899 919 975 ju·

109 1003 235 1078 dicari„
250 1014 282 1062 et
301 1007 559 1087 exspectandum
569 1007 583 1081 ‚'
601 1008 681 1070 dum
705 1023 740 1066 se
762 1004 837 1089 ipsa
863 1022 918 1070 res

111 1110 264 1194 aperiret.
343 1114 347 1121 '
380 1094 384 1099 ⁸

68 1325 119 1387 lv
199 1322 336 1387 Interim
359 1324 504 1404 Argilius
534 1326 688 1407 qnidam,
725 1312 919 1382 'adolescen-

32 1486 35 1497 ,
107 1430 220 1501 tuliis,
248 1448 346 1510 quem
363 1438 503 1508 puerum
522 1429 702 1491 Pausanias
725 1446 835 1489 amore
864 1438 920 1486 ve'-
959 1430 961 1437 ⁴

111 1529 210 1596 nereo
233 1535 412 1615 dilexerat,
442 1534 543 1616 quum
562 1536 737 1618 epistolam
755 1537 795 1596 ab
821 1552 858 1593 eo
879 1534 922 1595 ad

112 1643 312 1704 Artabazum
323 1641 520 1723 accepisset,
544 1642 637 1722 eique
648 1640 682 1699 in
698 1639 921 1722 suspicionem

113 1746 275 1819 venisset,
299 1746 425 1827 aliquid
436 1746 470 1805 in
487 1762 525 1805 ea
545 1745 585 1805 de
600 1764 636 1805 se
657 1765 730 1805 esse
744 1746 920 1825 scriptum,

99 1842 203 1935 *quod
218 1871 312 1911 nemo
332 1871 446 1911 eornm
461 1850 645 1924 rediissets
665 1851 722 1932 qui
742 1871 842 1932 super
861 1852 923 1912 tali

114 1976 213 2019 causa
234 1954 348 2015 eodem
363 1955 458 2014 missi
480 1967 573 2016 erant
581 1996 590 2029 ,
611 1955 742 2017 vincula
760 1957 922 2038 epistolae

110 2062 255 2136 laniavit,
279 2061 437 2155 signoque
452 2062 596 2123 detracto
614 2062 788 2140 cognovit,
810 2061 924 2143 siper-

44 2186 46 2195 ’
71 2168 266 2242 2ῑιι1ἰὲεεῐ,
306 2165 370 2229 sibi
398 2182 470 2226 esse
490 2167 708 2248 pereundum.
760 2166 863 2228 Erant
888 2169 923 2227 in

47 2338 54 2356 ,
116 2276 231 2337 eadem
250 2272 409 2355 epistola,
446 2289 528 2354 quae
560 2274 601 2333 ad
628 2291 665 2333 ea
690 2273 920 2352 pertinebant,¹

49 2389 52 2392 ’
113 2400 204 2464 quae,
224 2381 310 2440 inter
328 2378 448 2458 'regem
471 2375 731 2457 Pausaniamque
758 2396 931 2438 convene-¹

26 2556 30 2563 ,
114 2496 200 2548 rant.
257 2486 324 2546 Has
350 2484 407 2544 ille
440 2482 566 2544 litteras
603 2480 737 2563 ephoris
769 2484 920 2545 tradidit.

74 2599 95 2664 ὅ
117 2594 192 2654 Non
210 2603 261 2652 est
276 2587 516 2671 praetereunda
539 2587 682 2666 gravitas
700 2587 923 2651 Lacedaemo.
958 2656 960 2661 .

29 2716 31 2721 ’
115 2698 246 2760 riorum
272 2693 442 2758 hocloco.
485 2694 636 2754 Nam'ne
658 2693 759 2770 hujus
788 2695 925 2774 quidem

15 3394 51 3432 h

116 2804 237 2864 indicio
257 2802 390 2884 impulsi
400 2812 487 2874 sunt,
504 2813 542 2862 ut
556 2800 753 2863 Pausaniam
770 2821 939 2882 compre--

115 2905 319 2989 henderent3
354 2914 459 2988 neque
483 2906 576 2988 prins
606 2908 671 2967 vim
700 2905 925 2972 adhibendam

75 3025 334 3094 reputaverunt,
363 3032 461 3095 quam
480 3013 601 3094 seipse
619 3012 809 3073 indicasset.
854 3006 930 3078 Ita-¹¹

97 3106 181 3200 'que
195 3118 280 3194 ¹huic
301 3120 420 3192 indici,
450 3118 529 3200 quid
553 3114 627 3177 ficri
649 3115 792 3193 vellent,
822 3140 922 3200 prae.

122 3220 287 3308 ceperunt.
324 3226 448 3290 Fanum
457 3224 602 3310 Neptuni
611 3233 661 3283 est
669 3221 822 3299 Taenari,
834 3227 924 3306 quod
