2100 3668
78 319 80 323 ¹
175 243 236 311 ,14⁶
343 233 470 319 xvru.
503 228 778 295 numanus.
810 237 841 304 a.

105 450 107 455 ¹
178 420 292 483 labat:
314 429 352 479 ut
370 438 466 478 nuuc·
477 413 625 477 veterani
644 411 766 473 faciunt
784 412 905 474 nostri.
936 413 1000 474 lta·

76 597 79 615 Ι
180 543 244 605 que
264 521 448 604 periculum
466 531 533 591 est,
551 537 592 578 ne
613 518 750 579 iaciant,
774 518 864 597 quod
886 517 938 576 illi
956 519 1001 577 fe·

183 641 299 691 rerunt
317 646 378 687 sua
396 624 650 706 intemperantia
668 623 836 709 nimiaque
855 623 1001 695 licentia,

181 748 219 796 ut
240 733 352 795 omnia
367 732 528 811 perdant,
556 748 662 809 neque
685 729 796 819 minus
823 748 903 802 eos,
932 749 1003 790 cum

143 893 146 900 .
181 840 303 921 quibus
325 838 487 909 steterint,
510 856 609 916 quam
630 835 792 897 adversus
813 815 1003 914 quos'lece·

141 943 260 1015 erint.
313 940 412 1019 Quod
445 941 473 1000 si
500 926 579 1021 'quis
607 940 743 1000 illorum
770 950 1004 1001 veteranorum

180 1046 271 1123 legat
289 1047 396 1118 facta,
417 1046 512 1125 peria
531 1045 652 1128 horum
675 1059 873 1138 cognoscat,
898 1066 1003 1126 neque

180 1171 252 1210 rem
270 1151 396 1225 ullam,
410 1151 412 1157 ’
424 1151 491 1211 uisi
511 1164 664 1231 tempus,
687 1151 852 1211 interesse
866 1151 1002 1224 indicet.

182 1253 248 1317 Sed
272 1258 315 1317 ad
337 1256 413 1317 illos
436 1268 598 1317 revertar.
642 1255 793 1318 Hiberna
816 1265 1005 1320 sumserunt
1044 1314 1046 1339 Ε

180 1382 248 1422 non
268 1364 311 1422 ad
333 1381 433 1422 usum
452 1361 553 1434 belli,
583 1363 643 1440 sed
668 1361 711 1421 ad
732 1360 886 1440 ipsorum
908 1359 1004 1420 luxu-

57 1470 61 1477 ’
140 1468 285 1541 ariam,
308 1468 473 1547 longeque
493 1469 581 1528 inter
601 1486 636 1527 se
656 1466 894 1527 discesserant.
940 1462 1005 1524 Hoc

127 1650 129 1655 .
181 1575 368 1654 Antigonus
388 1593 490 1654 quum
515 1558 1004 1661 comperisset*intelligeret·

181 1697 258 1760 que,
282 1696 316 1738 se
335 1698 451 1758 parem
469 1699 536 1737 uon
553 1697 626 1738 esse
642 1676 769 1759 paratis
788 1673 1003 1745 adversariis,

182 1784 299 1868 statuit
314 1783 442 1863 aliquid
460 1783 525 1845 sibi
540 1783 671 1842 consilii
685 1782 764 1841 novi
781 1799 855 1840 esse
876 1781 1003 1862 eapien-

182 1888 272 1949 dum.
316 1888 412 1948 Duae
432 1899 527 1948 erant
548 1888 634 1958 viae,
657 1905 723 1966 qua
742 1905 781 1945 ex
804 1884 930 1956 Medis,
951 1880 1000 1947 ubl

182 1990 239 2051 ille
266 1987 455 2063 hiemabat,
486 1993 529 2053 ad
549 1993 818 2055 adversariorum
848 1987 997 2052 hiberna·

144 2107 162 2169 5
183 2097 258 2160 cula
276 2107 392 2178 posset
412 2097 592 2177 perveniri.
626 2095 777 2176 Quarum
795 2093 935 2159 br'evior
950 2108 999 2176 per

184 2204 258 2263 loca
282 2204 412 2265 deserta
421 2210 434 2274 ,'
453 2223 537 2282 quae
559 2222 656 2262 nemo
683 2202 849 2264 incolebat
870 2209 1001 2281 propter
1044 2248 1046 2289 ἶ

184 2325 291 2386 aquae
316 2305 485 2384 inopiam,
514 2320 660 2371 ceterum
686 2310 815 2370 dierum
842 2318 913 2367 erat
940 2308 1000 2365 lere

167 2411 319 2491 ,deeem3
340 2411 398 2485 illa
411 2396 536 2485 autem,
555 2435 620 2494 qua
637 2432 751 2478 omnes
764 2413 1003 2481 commeabant,

169 2498 288 2577 'altero
309 2527 401 2578 tanto
422 2518 611 2599 longiorem
633 2519 780 2582 habebat
798 2498 1002 2588 anfractum,

186 2622 247 2680 sed
272 2634 343 2682 erat
362 2625 496 2704 copiosa
520 2627 734 2705 omniumque
762 2643 872 2684 rerum
902 2626 1004 2685 abun

146 2737 165 2794 6
187 2724 282 2785 dans.
326 2726 395 2790 Hac
416 2730 444 2813 ii
465 2731 753 2810 proficisceretur,
776 2717 1005 2809 intelligebat,

185 2831 280 2913 prius
304 2819 516 2896 adversarios
536 2837 716 2896 rescituros
737 2837 782 2896 rie
801 2853 862 2895 suo
883 2837 1005 2897 adven·

184 2945 242 3011 tu,
271 2960 371 3019 quam
394 2940 467 3021 ipse
497 2942 631 3002 tertiam
654 2954 783 3021 partem
809 2941 1008 3001 confecisset

185 3042 340 3127 itineris3
387 3049 437 3106 sin
475 3067 537 3128 per
567 3050 638 3107 loca
670 3046 741 3106 sola
770 3049 1021 3135 contenderet,

189 3155 363 3231 sperabat,
392 3172 427 3212 se
451 3153 696 3233 imprudentem
718 3151 850 3214 hostem
867 3130 1010 3235 oppres·

148 3263 165 3326 7
188 3273 314 3340 surum.
357 3259 410 3323 Ad
426 3257 513 3322 hanc
534 3279 606 3325 rem
632 3259 873 3325 conficiendam
899 3260 1008 3346 impe·
