2100 3668
126 218 187 287 tta
302 217 410 281 XVII.
440 219 755 287 AGESILAUS.
777 230 808 295 6.

93 389 142 451 vl
219 396 359 460 Interim
375 403 563 479 acciditilla
575 407 749 467 calamitas
768 407 857 488 apud
868 405 932 466 Len·

133 512 204 564 atra
222 503 517 572 Lacedaemoniis:
540 530 606 593 quo
624 530 665 570 ne
674 510 936 592 proficisceretur,
956 534 958 561 :

133 628 236 689 quum
252 633 272 675 a
287 613 459 696 plerisque
479 619 521 678 ad
532 617 720 678 exeundum
735 628 938 697 premeretur,

130 727 176 775 ut.
189 714 222 776 ai
233 719 275 778 de
286 719 377 780 exitu
394 721 582 794 divinaret,
605 723 697 782 exire
706 722 827 783 noluit.
849 721 940 794 Iden,

132 842 236 903 quum
263 825 514 907 Epaminondas
543 829 704 909 Spartam¹
726 837 944 909 oppugnaret,

133 941 290 1010 essetque
312 934 384 994 sine
402 937 507 996 muris
526 936 705 1018 oppidum,
727 934 832 997 talem
844 952 881 993 se
898 935 949 1003 im·

131 1047 323 1117 peratorem
343 1030 519 1120 praebuit,
555 1051 651 1101 uteo
675 1051 828 1119 tempore
855 1039 952 1100 omni·

132 1141 197 1203 huo
224 1146 433 1225 apparuerit,
455 1148 523 1208 nisi
546 1145 606 1205 ille
625 1144 784 1218 misses,
808 1144 953 1229 Spartan

93 1258 116 1321 2
134 1249 283 1312 futuram
301 1270 368 1311 non
388 1250 508 1310 inisse.
552 1249 592 1309 ln
613 1269 678 1330 quo
695 1251 833 1330 quidem
845 1251 955 1314 discri-

133 1340 223 1420 mine
246 1356 399 1419 celeritas
423 1355 497 1431 ejus
515 1355 649 1416 consilii
668 1354 768 1416 saluti
799 1357 867 1417 fuit
889 1355 955 1417 uni-

134 1461 256 1523 versis.
296 1461 385 1524 Nam
409 1479 512 1542 quum
544 1461 683 1542 quidam
707 1461 955 1533 adolescentuli,

135 1564 288 1628 hostiurn
312 1570 457 1630 adventu
485 1567 678 1650 perterriti,
713 1567 756 1627 ad
777 1564 955 1630 Thebanos

133 1674 346 1756 transfugere
364 1675 508 1749 vellent,
539 1686 572 1735 et
589 1677 701 1735 locum
727 1683 824 1734 extra
834 1677 955 1749 ,urben

134 1781 262 1843 editum
284 1781 473 1862 cepissentt
496 1781 696 1861 Agesilaus,
717 1778 955 1860 quipermaio·

135 1884 307 1946 aiasirnnm
332 1887 404 1946 fore
436 1886 586 1962 videret,
632 1886 663 1945 si
690 1885 954 1950 animadverso!

136 2003 247 2067 esset,
286 2010 494 2072 quemquam·
519 1993 563 2054 ad
596 1990 715 2055 hostes
743 1995 950 2076 transfugae

135 2084 271 2173 adnati,
300 2114 375 2158 cum
399 2098 468 2159 suis
504 2118 543 2160 eo
570 2098 680 2171 venit,
714 2109 835 2179 atque,
869 2096 953 2162 utti

132 2199 224 2261 hono
251 2199 363 2261 animo
394 2204 571 2276 fecissent,
607 2203 759 2265 laudavit
782 2206 954 2267 consilium

132 2322 284 2381 eorum„
307 2307 398 2387 qnod
419 2327 495 2368 eum
516 2306 628 2371 locum
654 2302 899 2390 occupassent,
927 2317 953 2371 ct

134 2428 170 2471 se
193 2409 229 2470 id
259 2432 392 2494 quoqne
415 2414 490 2475 fieri
518 2419 641 2485 debere
660 2415 952 2489 animadvertisse.

93 2514 187 2589 zdie
209 2517 478 2583 adolescentulos
507 2523 665 2584 simulata
685 2521 883 2584 laudatione
904 2538 949 2583 rc·

134 2627 326 2708 superavit,
366 2638 399 2688 et
423 2628 589 2704 adjunctis
615 2628 662 2703 de¹
687 2624 949 2693 suis'comitibns

130 2731 249 2794 locum'
265 2744 376 2795 tutum
394 2734 541 2814 reliquit.
583 2733 737 2815 Namque
756 2732 830 2807 illi,
863 2744 949 2795 auct·

44 2902 47 2907 ⁴
131 2859 273 2901 numero
294 2859 428 2915 eorum,
457 2841 515 2922 qui
542 2846 695 2924 eipertea
725 2851 821 2901 erant
848 2839 951 2903 cousi·

131 2944 188 3019 lii,
221 2965 430 3025 commovere
459 2967 495 3008 ae
522 2969 590 3008 non
621 2955 701 3009 sunt
728 2945 821 3019 ausi,
851 2959 950 3026 eoque

132 3051 316 3126 libentius,
347 3054 439 3140 quod
454 3054 559 3121 latere
577 3053 850 3128 arbitrabantur,
871 3066 950 3137 quea

122 3159 329 3243 cogitarant.
