2100 3668
216 150 368 279 ,rint
389 200 669 267 rannnrtas.
703 220 732 276 1·
863 221 919 288 an

573 344 576 351 .
679 338 690 367 a
770 360 773 365 .

98 394 181 464 rege
199 376 425 469 Neo'tanabide
449 386 597 448 ducentis
624 386 741 466 viginti
771 387 919 464 talentis,

101 510 195 573 qnae
206 490 273 555 ille·
287 494 417 555 muneri
433 494 557 575 populo
581 513 641 553 suo
665 492 777 567 daret,
789 552 793 561 ,
807 497 918 555 venis.

102 608 219 675 setqne
238 597 273 657 in
289 611 442 679 portum,
464 600 521 680 qui
534 576 680 659 Menelai
697 588 848 674 vocatur,
867 604 919 678 ja„

100 720 181 763 oens
199 702 286 763 inter
307 702 454 781 Cyrenas
484 715 516 765 et
534 708 742 784 Aegyptum,
772 703 807 763 in
827 727 916 767 mor,
1011 720 1016 733 ¹

97 810 182 870 bum
214 808 395 888 implicitus
422 810 577 877 decessit.
619 810 672 872 lbi
698 829 772 870 eum
804 813 956 890 amiei,7

97 933 168 996 quo
180 912 332 997 Spartam
353 915 484 981 sanlius
498 894 647 997 perferre
660 927 808 995 possent,
827 920 917 997 quod

97 1019 173 1083 mel
196 1040 262 1083 non
285 1008 475 1094 habebnt,
507 1039 582 1082 oera
613 1019 913 1098 circumfuderunt,

97 1135 200 1205 atquo
218 1125 272 1186 ita
287 1127 422 1211 domum
443 1126 640 1197 retulerunt,

94 1415 917 1453 mmmmm

352 1696 356 1703 '
463 1715 598 1789 xvrn.

321 1892 764 1967 tUMnNEs.=

453 2069 622 2084 ἡ...-

88 2162 284 2264 Εσκεκιι,
307 2188 504 2254 Cardianus.
546 2191 655 2268 Huius
674 2194 704 2253 si
720 2193 836 2255 virtuti
850 2211 911 2274 par
938 2197 953 2257 l

97 2303 178 2364 data
197 2316 287 2363 esset
304 2304 457 2376 fortuna,
478 2322 545 2363 non
562 2303 620 2363 ille
637 2304 775 2384 quidem
795 2305 913 2381 major,

95 2407 158 2467 sed
169 2407 286 2467 lmnlto
314 2408 499 2470 illustrior·
519 2419 616 2487 atque
645 2410 744 2471 etiam
771 2409 916 2471 honora-

93 2512 184 2574 tiore
204 2512 304 2592 quod
321 2502 460 2592 magnos
487 2510 643 2575 homines
659 2516 791 2578 ¹virtute
808 2510 914 2575 tmesi-

95 2634 195 2691 mm·‚
214 2636 279 2677 non
301 2617 447 2678 fortuna.
481 2619 576 2679 'Nam
602 2639 705 2701 quum
730 2632 821 2685 aetas
842 2620 914 2695 ejus
935 2631 957 2693 2

95 2721 277 2784 incidisset
296 2721 331 2780 in
360 2741 405 2783 ea·
417 2725 594 2803 tempora,
618 2729 740 2807 quihus
759 2724 916 2786 Macedo-

96 2844 157 2887 nes
181 2812 357 2898 florere'nt‚
379 2829 520 2893 multum
538 2830 569 2889 ei
589 2833 734 2895 detraxit
746 2837 834 2894 inter
851 2827 915 2888 lros

70 2928 238 3006 lvivensi,
270 2933 359 3013 quod
379 2932 505 2994 alienae
523 2950 596 2998 erat
609 2937 752 3001 civitatis
769 2958 780 3017 3
807 2918 914 3013 neqoe

95 3038 191 3100 aliud
214 3037 290 3099 hnic
322 3038 446 3111 defuit,
481 3059 579 3120 quam
599 3061 769 3122 generosa
798 3040 914 3119 stirps.

95 3142 171 3203 Etsi
189 3143 249 3203 ille
267 3145 448 3207 domestico
464 3166 594 3207 summo
611 3167 732 3227 genere
752 3157 840 3207 erat:
862 3153 912 3201 ta·
936 3144 956 3211 t
1006 3204 1009 3210 .

94 3266 175 3310 men
192 3246 392 3312 Macedones
421 3270 498 3314 eum
513 3251 587 3314 sihi
612 3252 791 3335 aliquando
821 3256 913 3313 ante·
1019 3266 1021 3271 ·
