2100 3668
213 214 301 280 XIX.
329 218 594 283 PHOGION.
623 228 698 296 Μ.
823 230 879 293 155

10 474 12 479 Ι
58 401 390 481 altera-optimatum.
432 404 471 463 ln
491 402 554 466 hac
575 416 646 465 crat
669 400 815 466 Phocion
847 417 881 466 ct

59 507 253 569 Demetrius
268 507 461 591 Phalereus.
495 509 628 570 Harum
643 521 783 591 utraque
802 511 876 575 Ma·

10 594 26 675 ⁵.
56 614 222 675 cadonum
238 614 431 695 patrociniis
450 613 629 676 nitebatur.
672 614 759 675 Nam
770 637 878 698 popu.

10 708 26 821 *p
53 719 147 783 lares
176 717 453 798 Polysperchonti
479 719 655 800 favebant3
697 721 877 801 optimates
986 768 990 787 .

10 832 34 927 Ξ
54 842 134 885 eum
160 822 352 886 Cassandro
374 825 573 887 sentiebant.
616 826 755 887 Interim
774 848 792 888 a
814 827 877 887 Po·
897 844 922 905 21

10 920 29 1027 ξ’
54 929 296 1010 iysperchonte
326 929 515 992 Cassander
542 931 738 994 Macedonia
759 934 877 1013 pulsus

10 1016 26 1155 i
54 1046 119 1097 ests
164 1037 238 1116 Quo
258 1038 343 1097 iacto
356 1036 507 1137 ‘populus
518 1037 670 1116 superior
686 1039 793 1101 factus
809 1050 878 1101 sta·

55 1144 116 1205 tim
130 1143 230 1205 duces
250 1143 462 1204 adversariae
482 1143 635 1205 factionis
654 1145 877 1225 capitisdam·
918 1162 921 1167 ’

53 1260 159 1311 natos·
175 1249 284 1329 patria
304 1238 456 1331 pepulit3
488 1249 522 1308 in
543 1250 596 1311 his
623 1248 824 1312 Phocionem
842 1262 875 1317 et
931 1311 961 1323 ,,

24 1366 30 1437 ζ
53 1356 265 1417 Demetrium
295 1354 510 1417 Phalereum:
545 1358 649 1438 deque
672 1378 710 1420 ea
727 1377 763 1418 re
784 1360 877 1438 lega-

28 1472 106 1523 ·tos
127 1462 172 1525 ad
200 1461 518 1544 Polysperchontem
539 1465 648 1535 misit,
682 1465 738 1545 qui
765 1466 807 1527 ab
836 1485 874 1525 eo

10 1554 18 1593 ⁷
54 1578 228 1648 peterent,
258 1582 296 1628 ut
316 1589 375 1628 sua
391 1570 521 1629 decreta
542 1568 762 1629 confirmaret.
804 1569 916 1641 Huc&
953 1640 956 1647 Ι

35 1674 174 1735 -eudem
198 1675 369 1754 proiectus
398 1686 450 1735 est
468 1673 626 1735 Phocion.
669 1674 743 1752 Quo
764 1686 802 1735 ut
819 1695 876 1735 ve·
973 1676 975 1680 ’

58 1776 123 1851 nit,
154 1797 290 1839 eausam
309 1782 398 1861 apud
418 1778 609 1860 Philippum
625 1797 738 1858 regem
759 1784 876 1855 verbo,

55 1904 91 1949 τε
115 1885 192 1965 ipsa
206 1884 343 1964 quidem
360 1888 448 1965 apud
468 1883 786 1965 Polysperchontem
803 1885 877 1960 jus·
980 1916 983 1921 ·

55 2006 114 2049 sus
136 2002 190 2050 est
207 1989 335 2051 dicere:
365 2011 507 2072 namque
525 1992 639 2051 istum
662 1990 750 2071 regis
773 1992 875 2052 rebus

17 2160 23 2177 ι
54 2105 222 2177 praeerat.
265 2096 326 2159 Hic
344 2098 569 2178 abAgnonide
587 2108 773 2170 accusatus,
786 2096 875 2177 quod
895 2104 917 2168 4

10 2246 19 2281 r·
56 2199 231 2261 Piraeeum
250 2202 409 2263 Nicanori
429 2202 654 2282 prodidisset,
686 2221 725 2260 ex
743 2201 876 2263 consilii
922 2186 927 2195 ’

10 2366 19 2393 4
56 2296 225 2368 sententia
249 2308 282 2367 in
298 2309 484 2369 custodiam
507 2308 698 2382 conjectus,
728 2304 876 2366 Athenas

10 2438 18 2463 ι
57 2412 221 2473 deductus
246 2426 314 2487 est,
345 2425 383 2475 ut
408 2414 457 2478 ihi
486 2416 527 2477 de
555 2411 753 2493 eojlegibus
782 2410 880 2471 fieret

10 2498 21 2577 ¹.
57 2510 232 2595 judicium.

141 2724 214 2784 Huc
233 2728 293 2790 ubi
303 2740 498 2807 perventum
518 2741 590 2804 est,
611 2738 858 2809 quampropter
869 2728 920 2789 IV
1009 2718 1014 2725 ’

58 2840 205 2893 aetatem
231 2835 375 2914 pedibus
396 2839 465 2913 jam
483 2858 549 2898 nou
578 2836 722 2906 valeret,
746 2833 880 2897 vehiou-
921 2910 925 2916 Ι

57 2934 162 3015 loque
192 2951 404 3019 portaretur,
447 2945 560 3024 magni
586 2959 766 3004 concursus
803 2952 881 3002 suut

56 3041 161 3117 facti,
192 3066 294 3126 quum
312 3048 390 3119 alii,
421 3047 671 3108 reminiscentes
691 3037 811 3105 veteris
829 3046 881 3106 sa·

57 3166 157 3222 mae,
194 3152 311 3212 aetatis
342 3153 600 3233 misererentur3
636 3151 774 3232 plurimi
802 3169 880 3210 vero

58 3254 115 3317 ira
133 3269 372 3319 exacuerentur
391 3242 530 3345 propter
547 3258 747 3344 proditionis
768 3256 880 3340 suspi-
