2100 3668
79 268 89 283 .
169 239 230 311 20,
328 228 426 291 xxv.
458 220 854 325 intinctione
945 284 952 303 .

178 428 281 498 quum
305 414 375 491 jam
408 424 484 475 ante
513 412 775 476 familiaritatem
810 413 888 489 ejus
917 422 1000 476 estet

178 530 375 589 consecutus
400 519 494 579 nulla
521 518 587 582 alia
609 539 665 594 re,
708 537 814 607 qnam
839 520 1021 603 elegantia-

178 628 282 700 vitae,
315 646 381 708 qua
407 635 534 686 ceteros
566 636 699 709 ceperat
723 614 911 707 principes¹
927 626 999 689 civi·

173 733 280 806 tatis,
315 732 477 812 dignitate
507 732 602 814 pari,
640 735 775 796 fortuna
806 729 1000 793 humiliore.

23 838 26 845 '
140 846 162 913 ὅ
182 838 290 900 Tanta
312 837 400 899 euim
419 840 626 922 prosperitas
651 835 833 898 Caesarem
855 849 908 899 est
926 858 1001 900 con-

182 956 315 1016 secuta,
345 954 383 1002 ut
402 941 488 1003 nihil
512 944 543 1003 ei
563 962 631 1004 non
661 940 820 1007 tribuerit
850 942 1001 1031 fortuna,

180 1046 272 1134 quod
298 1047 451 1128 cuiquam
472 1059 547 1110 ante
573 1049 750 1120 detulerit,
786 1056 821 1108 et
850 1048 1021 1111 concilia·

178 1155 225 1215 rlt
237 1195 246 1228 ,
275 1154 366 1234 quod
389 1174 486 1216 nemo
506 1155 613 1216 adhuc
634 1153 717 1215 civit
737 1151 916 1217 Romanus
935 1155 1002 1236 qni·

139 1260 230 1333 avit
257 1262 426 1340 consequi.
469 1262 557 1323 Natat
582 1270 633 1320 est
661 1268 772 1319 autem
791 1260 904 1323 Attico
927 1280 1002 1343 nep·

179 1366 225 1426 tis
256 1385 295 1424 ex
320 1367 485 1448 Agrippa,
519 1367 571 1427 cui
594 1344 755 1443 virginem
773 1362 885 1426 liliam
906 1365 1003 1427 collo·

184 1478 285 1534 cacat.
330 1474 419 1533 Hanc
446 1471 598 1542 Caesar,
622 1468 679 1529 six
702 1469 919 1545 anniculam,
953 1470 1004 1530 'li-

60 1604 70 1619 ·
179 1577 276 1649 becio
300 1574 440 1636 Claudio
458 1577 603 1649 Neroni,
635 1574 790 1637 Drusilla
812 1586 896 1637 nato
908 1606 920 1649 ,·
939 1576 1003 1657 pri-

184 1682 285 1762 vigno
327 1700 388 1742 suo
396 1690 410 1755 ,'
453 1680 652 1763 despondit:
695 1699 780 1760 quae
815 1681 1005 1759 conjunctio

183 1787 464 1850 necessitudinem
486 1805 601 1848 eorum
623 1786 755 1860 sanxit,
796 1786 1006 1851 familiarita-

183 1905 254 1955 tarn
272 1893 421 1955 reddidit
440 1891 712 1975 frequentiorem,

45 2093 49 2099 ⁴
146 2098 208 2166 XX
277 2088 449 2184 ¹Quamvis
471 2116 547 2167 aute
567 2103 650 2167 haec
668 2094 840 2186 sponsalia
861 2108 1006 2191 nontac-

188 2189 279 2282 luin,
306 2230 410 2289 quum
440 2212 482 2272 ab
513 2212 614 2272 urhe
632 2208 788 2282 abesset,
827 2228 1008 2291 numquam

191 2315 234 2375 ad
256 2332 396 2374 suorum
422 2332 485 2394 que
488 2303 622 2409 inquam
642 2312 772 2375 litteras
792 2313 909 2391 misit,
930 2314 1007 2399 quin

189 2418 306 2480 Attico
331 2417 500 2490 mitteret,
536 2418 619 2498 quid
655 2429 786 2501 ageret,
833 2420 1008 2504 inprimis,

101 2585 105 2591 ,
169 2524 272 2605 quid
294 2524 440 2602 legeret,
469 2523 704 2605 quibusquein
722 2524 828 2600 loeis,
862 2538 1046 2607 etquam

52 2610 61 2621 ’
149 2630 250 2715 ᾒὰἰιι
286 2638 376 2689 esset
412 2632 624 2691 moraturus.
656 2631 720 2691 sed
751 2630 873 2703 etiem,
912 2646 1013 2712 quum

193 2730 283 2799 e’sset
299 2734 333 2792 in
352 2736 455 2808 urbe,
479 2745 512 2794 et
530 2746 670 2817 propter
690 2748 769 2798 suas
789 2718 943 2799 idfinitss
961 2755 1013 2796 ot·

189 2841 386 2921 cupationes
412 2838 522 2898 minus
545 2858 666 2921 saepe,
689 2854 789 2920 quam
806 2842 935 2917 vellet,
957 2846 1014 2903 At·

193 2944 258 3006 tico
284 2946 474 3041 (rueretur,
513 2945 625 3006 nullus
659 2945 730 3005 dies
758 2957 887 3009 temere
913 2947 1015 3007 inter-

118 3110 121 3117 ,
188 3050 310 3123 cessit,
343 3068 408 3128 qno
437 3068 504 3109 non
525 3052 570 3112 ad
598 3067 674 3109 eum
703 3049 884 3125 scriberet,
916 3069 1014 3133 quum

191 3154 290 3216 modo
316 3153 448 3236 aliquid
474 3154 514 3215 de
539 3144 742 3239 antiquitate
764 3159 808 3222 sl)
824 3161 876 3225 'eo
906 3152 1015 3237 requi·

809 3273 814 3279 ’
917 3268 1013 3323 reret,
