2100 3668
104 204 146 268 u
249 189 312 251 1v.
344 187 668 252 PAUSANIAS.
699 200 731 260 2.

107 372 285 434 Persarum
307 371 457 444 nobiles,
488 383 586 450 atque
611 370 646 429 in
670 368 724 428 his
747 370 932 433 nonnullos
970 372 972 405 ³

91 477 196 556 ‚regis
221 476 448 557 propinquos,
478 475 540 535 hos
562 476 647 537 clam
667 476 770 536 Xerxi
787 477 930 551 remisit,
970 496 972 505 ·

109 584 287 654 simulans,
319 599 358 640 cx
376 581 517 643 vinculis
533 582 675 663 puhlicis
695 582 876 663 'effugisse3
899 593 931 644 ct
968 636 972 667 ἰ

107 709 182 749 oum
201 685 255 747 his
274 681 465 779 Gongylum
482 687 729 758 Eretriensem,
760 687 819 766 qui
839 687 929 748 litte-

105 814 161 854 ras
189 794 261 874 regi
289 795 461 866 redderet,
497 793 533 853 in
565 793 687 873 quibus
714 791 797 854 haec
823 794 945 854 fuisse*

68 908 87 972 3
109 894 230 981 scripta
242 897 457 976 Thucydides
469 898 648 960 memoriae
659 898 823 978 prodidit:
840 899 927 960 Pau·
947 932 950 939 ,

107 1010 250 1080 reantur,
273 1007 521 1081 darsumas,
546 1022 630 1082 quos
647 1008 814 1082 Byzantii
831 1024 926 1081 cape-
960 1033 966 1044 κ

110 1123 186 1186 rot,
217 1121 401 1191 postquam
419 1113 634 1188 propinquos
658 1117 737 1168 tuos
757 1116 926 1187 cognouit,

9 1294 14 1308 Ι
110 1219 173 1280 tibi
192 1221 327 1278 muneri
354 1219 464 1289 misit,
500 1231 600 1294 seque
624 1222 735 1277 tecum
757 1213 927 1298 affinitate

111 1309 278 1405 conjungi
304 1325 422 1397 cupit:
458 1328 584 1402 quate,
624 1323 655 1380 si
682 1321 744 1381 tibi
767 1321 926 1395 uidetur,

69 1429 169 1505 Ades
190 1432 221 1488 ei
230 1428 342 1509 filiam
359 1435 455 1484 tuom
476 1435 632 1500 nuptum.
677 1425 720 1486 Id
745 1429 775 1486 si
784 1422 927 1505 feceris,

16 1522 20 1541 '
43 1544 45 1551 ’
109 1541 143 1593 et
157 1532 318 1606 Spartam
334 1539 367 1590 et
388 1540 536 1597 ceterum
553 1527 735 1597 Graeciam
755 1532 817 1590 sub
834 1541 927 1593 tuom

107 1643 334 1712 potestatem,
365 1633 628 1721 coadjuvante,
652 1645 683 1695 te
704 1619 925 1697 reducturum

107 1743 303 1817 pollicetur.
349 1741 412 1802 His
442 1742 605 1802 derebus
629 1743 659 1800 ai
680 1739 763 1818 quid
778 1744 854 1816 geri
874 1759 927 1801 oo·

111 1820 235 1919 lucris,
267 1846 598 1925 certumlhomincm
630 1845 676 1904 ud
705 1863 782 1904 eum
808 1850 929 1907 mittas

68 1959 87 2021 5
101 1943 202 2031 face,
226 1969 303 2010 eum
319 1940 384 2029 iJuo
400 1949 632 2028 colloquatur.
675 1947 765 2020 Rex,
797 1959 847 2009 tot
864 1948 928 2011 ho·

108 2054 236 2115 minum
251 2055 378 2123 salute,
401 2063 468 2114 tam
486 2054 551 2116 sibi
567 2054 929 2128 necessariorum,ma-

110 2177 256 2245 gnopere
282 2159 432 2237 gavisus,
476 2161 651 2223 confestim
677 2180 752 2221 cum
785 2161 928 2241 epistola

109 2269 315 2327 Artabazum
343 2265 384 2325 ad
414 2265 611 2328 Pausaniam
638 2267 759 2339 mittit,
799 2267 833 2325 in
859 2285 928 2346 qua

114 2388 189 2429 eum
211 2367 395 2444 collaudat,
427 2392 464 2434 ac
477 2372 579 2453 petit,
608 2392 649 2433 ne
672 2373 723 2434 cui
738 2372 788 2432 rei
809 2383 928 2452 parcat

111 2477 156 2541 ad
177 2495 214 2536 ea
231 2469 452 2555 perficienda,
478 2495 562 2557 quae
588 2478 776 2558 pollicetur.
820 2477 855 2535 Si
874 2480 925 2538 fe-

113 2582 213 2655 cerit,
251 2578 375 2639 nullius
395 2579 445 2644 rei
471 2600 490 2640 a
515 2601 550 2642 se
572 2584 741 2662 repulsam
765 2585 924 2644 laturum.

73 2693 93 2761 6
114 2686 221 2761 Hujus
236 2685 416 2754 Pausanias
433 2688 600 2775 voluntate
612 2689 763 2767 cognita,
779 2688 925 2759 alacrior

18 2774 21 2781 ¹
110 2793 155 2853 ad
175 2792 245 2852 iem
271 2795 447 2872 gerendam
473 2793 597 2865 sactus,
640 2793 675 2852 in
701 2794 926 2874 suspicionem

113 2896 583 2959 ceciditLacedaemouiorum.
612 2899 664 2981 'ln
681 2882 745 2979 (juo
762 2901 847 2962 facto
863 2899 924 2960 do-

113 3024 204 3064 mum
222 3015 412 3076 revocatus,
444 3016 614 3065 accusatus
645 3006 779 3086 capitis,
809 3006 923 3067 absol-

112 3109 221 3189 vitur3
250 3111 407 3171 multatur
432 3120 541 3170 tamen
564 3111 722 3189 pecunia:
754 3130 852 3193 quam
877 3105 928 3173 οδ

114 3234 248 3279 causam
266 3215 470 3277 ad'olassem
490 3215 650 3277 remissus
671 3239 739 3283 nou
758 3228 819 3279 est.
