2100 3668
182 224 241 292 170
274 268 281 273 .
342 208 463 273 xxm.
494 209 804 285 HANNIBAL.
832 227 911 322 ap.

164 412 316 483 'semper
335 394 493 457 discessit
519 397 691 477 superium·
727 392 920 476 Quodnisi
948 398 1001 461 do·

179 499 227 560 mi
247 499 368 564 civium
385 502 528 562 suorum'
543 502 672 563 invidia
691 499 890 562 debilitatus
909 517 1004 576 esset,

181 604 350 668 Romanos
369 609 540 674 videretur
564 626 723 691 superare
743 608 910 688 potuisse.
946 609 1005 673 Sed

183 713 366 781 multorum
397 715 594 777 obtrectatio
620 711 744 775 devicit
768 712 871 774 unius
905 714 1003 775 virtu·

141 823 162 894 ὅ
182 830 262 881 tem.
306 821 369 881 Hic
391 831 501 880 autem
521 822 625 881 velut·
639 817 828 906 hereditate
854 821 1004 884 relictam

86 995 103 1005 „
182 926 296 1009 odium
316 924 492 1007 paternum
512 946 592 1006 erga
611 925 779 992 Romanos
798 925 849 987 sic
874 946 1004 988 conser-

180 1031 284 1104 vavit,
303 1042 341 1093 ut
357 1032 450 1114 prius
468 1034 626 1106 animam,
649 1051 750 1114 quam
767 1029 816 1104 id,
838 1032 1003 1117 deposne-

88 1124 89 1129 ’
181 1137 247 1207 rit:
270 1139 328 1218 qui
346 1139 504 1221 quidem,
526 1122 756 1223 quumpatria
769 1136 893 1217 pulsus
911 1152 1025 1221 esset,-¹

182 1252 218 1309 ct
245 1245 431 1307 alienarum
461 1265 565 1327 opum
598 1245 788 1325 indigeret,
825 1264 1003 1327 numquam

154 1370 165 1379 ‘
184 1349 351 1424 destiterit
368 1351 479 1412 animo
501 1349 630 1421 bellare
651 1371 727 1423 cum
745 1348 925 1417 Romanis.

143 1558 178 1620 Π
259 1563 347 1626 Nam
362 1574 400 1625 ut
419 1564 571 1626 omittam
589 1564 800 1644 Philippum,
832 1579 938 1640 quem
959 1563 998 1625 al·
1037 1554 1040 1565 '

183 1686 261 1731 aens
295 1669 428 1736 hostem
455 1672 606 1742 reddidit
637 1669 817 1739 Romaniss
862 1669 1003 1728 omniun

184 1773 237 1865 l¹i⁸
255 1777 465 1867 tempos-ibas
481 1778 736 1857 potentissimus
749 1760 810 1837 aex
825 1774 1004 1844 Antiochus

182 1880 257 1942 fuit.
298 1883 393 1945 Hunc
407 1894 500 1954 tanta
512 1882 692 1964 cupiditate
710 1881 861 1947 incendit
881 1884 1002 1946 bellai·

81 1993 85 1999 '
141 2028 156 2053 J
185 1988 239 2063 di,
268 2001 306 2049 nt
325 2008 430 2070 usqua
458 2009 477 2062 a
505 1991 610 2057 rubro
635 1987 721 2050 mari
741 1980 841 2048 ‘arma
872 2000 1000 2052 conatos

143 2096 371 2174 gsitinferrc
391 2095 520 2173 Italiae,
563 2097 616 2157 Ad
643 2113 742 2174 quern
769 2111 874 2173 quum
910 2091 1005 2174 legati

184 2201 357 2262 venissent
380 2201 540 2281 Romani,
578 2201 637 2282 qui
664 2200 705 2261 de
735 2200 808 2274 ejus
837 2197 1007 2261 voluntate

184 2307 415 2387 explorarent,
460 2309 644 2396 darentque
677 2321 815 2388 operam
855 2303 1007 2373 consiliis

186 2411 425 2488 clandestinis,
456 2427 495 2476 ut
520 2400 746 2484 Han'nibalem
774 2411 808 2472 in
843 2409 1007 2498 suspicio-

185 2536 262 2578 nem
288 2519 360 2600 regl
386 2522 609 2596 adducerent,
647 2508 819 2600 tamquam
852 2521 895 2582 ab
922 2520 1008 2601 ipsis

185 2637 379 2706 corruptum
399 2626 486 2701 alia,
515 2637 615 2708 atque
631 2638 746 2700 antea,
778 2624 929 2706 sentire;
949 2633 1007 2686 ne'·

188 2751 253 2813 que
277 2733 314 2793 id
343 2733 472 2804 frustra·
494 2733 672 2807 fecissent,
713 2733 813 2813 idque
839 2732 1010 2797 Hannibal

190 2837 426 2920 comperisset,
443 2857 560 2921 ¹sequa
583 2842 626 2902 ab
649 2838 868 2903 interioribus
898 2840 1010 2903 consi-

148 2935 243 3025 aliis
257 2944 429 3025 segregari
445 2946 604 3023 vidisaetr
636 2957 787 3029 tempore
820 2945 896 3007 dato
928 2946 1012 3008 adiit

190 3054 233 3114 ad
249 3070 386 3130 regem,
415 3051 511 3132 eique
531 3071 633 3132 quum
655 3052 760 3112 multa
788 3052 828 3112 dc
850 3051 919 3114 fide
949 3072 1011 3116 sna

192 3167 225 3219 et
244 3159 322 3220 odio
344 3159 384 3219 in
399 3157 574 3241 Romanos
593 3171 906 3234 commemorasset,
945 3158 1011 3225 hoc

109 3324 138 3361 ,Ι
190 3252 365 3344 adjunxit:
411 3266 533 3342 Pater,
566 3263 692 3348 inquit,
725 3284 839 3344 meus,
873 3267 1011 3334 Hamil.
