2086 3676
85 86 128 153 62
231 79 308 165 vn.
331 80 681 149 interamnae.
701 99 733 163 7·

90 267 259 328 diuturna.
303 267 511 350 Numquam
532 271 563 331 ei
583 288 698 332 omnes
721 270 910 334 ossentho-

90 394 190 435 nores
213 374 359 445 decreti,
379 387 515 457 totaque
530 378 719 458 respublica
732 379 829 439 domi
845 378 911 441 bel·

88 482 179 564 lique
201 481 346 548 tradita,
377 493 414 540 ut
435 484 534 542 unius
558 484 696 546 arbitrio
719 498 911 566 gereretur,

88 601 123 649 et
148 589 220 669 ipse
246 587 471 665 postulasset,
509 600 547 648 ut
574 590 639 651 duo
669 593 735 654 sibi
768 586 940 672 collegae

91 696 269 763 darentur,
293 692 527 771 Thrasybulus
552 709 584 757 et
602 698 826 768 Adimantus,
859 713 912 755 ne·

91 820 155 881 que
175 800 211 860 id
223 813 381 879 negatum
401 816 512 862 esset:
535 801 643 862 classe
657 801 726 877 iam
746 784 787 861 iii
800 794 912 863 Asiam

91 907 282 988 proiectus,
305 908 394 984 quod
414 908 502 986 apud
521 906 647 984 Cymen
660 907 779 966 minus
789 927 831 967 ex
841 927 913 969 seu·

89 1012 193 1073 tentia
218 1031 289 1070 rem
318 1024 486 1092 gesserat,
528 1012 562 1077 in
590 1012 754 1071 invidiam
785 1012 912 1074 recidit.
941 994 945 1001 Ι

50 1132 71 1192 2
92 1117 187 1179 Nihil
204 1118 291 1177 enim
304 1139 379 1177 eum
389 1139 455 1178 non
472 1117 604 1178 efficere
618 1136 718 1199 posse
735 1118 911 1182 ducebant.

92 1226 141 1286 Ex
159 1244 223 1304 quo
253 1222 370 1295 fiebat,
409 1222 584 1284 ut'omnia
611 1226 722 1284 minus
751 1241 913 1305 prospere

92 1342 187 1413 gesta
215 1331 287 1403 eius
312 1327 428 1407 eulpae
456 1327 663 1401 tribuerent,
703 1344 811 1408 qaum
845 1348 934 1389 eun.

93 1450 150 1498 aut
176 1434 404 1517 negligenter,
435 1446 493 1498 aut
513 1435 682 1495 malitiose
711 1433 842 1494 lesisse
871 1436 906 1495 la·

8 1570 11 1574 ’
91 1555 293 1623 querentur:
327 1543 411 1601 sieut
433 1554 504 1601 tum
533 1541 661 1602 accidit.
705 1541 813 1613 Nam,
849 1560 910 1604 eor·

92 1662 228 1730 ruptum
248 1667 267 1707 a
284 1628 362 1727 reg'e
385 1664 502 1726 capere
523 1645 649 1723 Cymen
667 1647 845 1721 noluisse,
867 1668 915 1719 arf

3 1752 13 1765 “
34 1748 72 1825 '3
94 1757 248 1834 guebant.
291 1758 406 1831 ltaque
421 1752 498 1812 huic
515 1753 660 1813 maxime
670 1763 833 1833 putamus
850 1772 917 1815 ma·

1 1840 2 1846 i
98 1863 137 1921 lo·
154 1860 262 1919 fuisse
281 1858 419 1919 nimiam
447 1859 642 1939 opinionem
670 1858 798 1939 ingenii
822 1872 919 1941 atque

95 1965 240 2026 virtutis.
264 1963 469 2027 Timebatnr'
485 1966 573 2026 enim
590 1985 656 2025 non
668 1965 793 2036 minus,
819 1982 919 2044 quam

96 2073 316 2151 diligebatur,
344 2091 408 2144 ne,
442 2075 587 2136 secunda
606 2074 740 2132 fortuna
767 2068 921 2150 magnis·

5 2236 10 2245 ,
94 2196 158 2258 que
180 2177 301 2258 opibus
325 2178 445 2252 elatus,
467 2166 682 2254 tyrannidem
703 2174 919 2255 concupisse·

93 2299 157 2346 ret.
198 2263 335 2364 ¹Quibus
358 2289 460 2348 rebus
483 2284 706 2355 factumest,
729 2293 767 2340 ut
787 2279 922 2343 absenti

62 2411 70 2441 ³
94 2369 330 2469 magistratum
351 2395 572 2471 abrogarent,
605 2399 638 2447 et
659 2387 762 2450 alium
787 2388 823 2446 in
846 2388 921 2463 ojus

53 2496 205 2572 blocum
226 2488 493 2560 substituerent.'
524 2498 563 2558 ld
584 2495 641 2557 ille
651 2507 689 2556 ut
698 2493 838 2566 audivit,
862 2494 922 2555 do·

95 2623 186 2665 mum
208 2606 332 2665 reverti
354 2605 474 2677 noluit,
492 2605 530 2663 'et
547 2622 581 2662 se
602 2601 745 2676 Pactyen
767 2600 923 2674 contulit,

96 2710 212 2790 ibique
233 2712 297 2771 tria
329 2710 466 2772 castella
499 2707 736 2776 communivit,
767 2703 923 2781 Bornos,

67 2829 73 2857 ³
98 2816 316 2893 Bysanthen,
339 2819 370 2877 N
375 2814 581 2896 eontiehosp
592 2830 760 2892 manuque
782 2812 925 2874 eolleeta

66 2906 69 2911 ⁴
95 2924 226 3005 primns
256 2923 413 2984 Graeciae
436 2921 580 2983 civitatis
602 2920 637 2979 in
661 2916 840 2978 Thraciam
870 2921 925 2980 in-

54 3030 58 3038 '
97 3028 209 3100 troiit,
243 3027 424 3108 gloriosius
452 3027 665 3100 existimans,
699 3028 928 3091 barbarorum

51 3137 223 3217 §praeda
242 3133 458 3216 locupletari,
491 3152 592 3216 quam
612 3128 805 3209 Graiorum·
848 3130 929 3215 Qua

120 3294 293 3434 §uvi

142 3556 183 3587 ιΙ

180 3638 288 3653 *a
309 3648 322 3653 --
341 3648 350 3654 .-
