2100 3668
220 243 278 329 ,106
375 232 465 295 x1v.
496 202 777 302 uiuamus.
806 240 838 308 s.
859 249 889 313 9.

853 362 861 399 s

217 439 353 485 manum
372 426 583 493 consereret,
611 421 679 479 nisi
699 442 802 503 quum
825 414 1003 508 adversarie

219 523 371 605 locorum
393 523 558 601 angustiis
581 524 759 586 clausisset
784 522 901 604 (quod
928 521 1003 603 perit

219 631 392 709 regionum
411 630 599 710 callideque
617 631 776 711 cogitanti
797 648 896 710 saepe
915 626 1002 691 aecid

179 735 313 815 §hat):
346 733 639 815 Autophradates,
677 754 779 815 quum
813 733 942 796 bellum
966 732 1003 793 du

219 838 347 913 majore
368 841 456 920 regis
472 843 678 919 calamitate,
701 859 801 919 quam
830 836 1000 899 adversari

223 963 299 1011 rum
309 983 319 1018 ,
342 945 486 1019 videret,
508 948 551 1007 ad
569 965 686 1035 pacem
699 944 947 1023 amicitiamque
962 941 1002 1002 hc

221 1060 311 1111 tatus
328 1061 400 1123 est,
430 1061 467 1109 ut
485 1070 560 1110 cum
578 1070 656 1131 rege
678 1049 873 1130 in-gratiam
903 1047 1003 1109 redire

181 1158 202 1227 6
223 1152 331 1235 Quam
351 1154 409 1217 isse
433 1156 496 1231 etsi
513 1156 616 1219 fidam
634 1178 701 1216 non
722 1158 795 1216 fore
812 1158 973 1235 putabat,
992 1164 1002 1213 t

110 1316 113 1323 ,
220 1278 297 1321 men
316 1261 539 1323 conditionem
569 1249 722 1347 accepit,
749 1277 850 1341 aeque
878 1259 922 1319 ad
947 1261 1002 1320 Art

224 1360 359 1425 xerxem
383 1370 513 1446 legatos
541 1352 724 1427 missurum
749 1367 844 1437 dixit.
897 1361 953 1423 sic
972 1364 1002 1426 bs

222 1469 312 1544 lum,
342 1476 431 1551 quod
453 1492 512 1531 rex
534 1473 704 1535 adversus
728 1473 908 1533 Datamem
931 1487 1002 1545 susc

220 1588 335 1658 perat,
366 1581 528 1641 sedatum.
572 1576 843 1658 Autophradates
873 1575 910 1634 in
940 1572 1002 1634 l'lsr

225 1684 314 1777 giam
335 1705 370 1747 sc
387 1685 523 1766 recepit,

170 1891 232 1971 ‘JX
288 1920 291 1925 ·
311 1890 354 1955 A's
370 1912 448 1964 rex,
470 1892 560 1972 quod
578 1890 790 1974 implacabile
807 1888 924 1973 odium
933 1888 1002 1951 inl]

224 2011 348 2075 tamem
388 2008 600 2079 susceperat,
637 1996 825 2078 postquam*
846 1996 938 2059 bello
970 2016 1002 2057 eu

224 2105 369 2184 opprimi
401 2123 469 2162 nou
501 2122 602 2183 posse
629 2103 882 2175 animadvertit,
900 2082 1001 2163 'insid

223 2209 580 2281 interlicere-studuit:
612 2206 773 2288 quasilla
797 2208 1002 2289 plerasque,¹

182 2312 319 2397 gtavit,
362 2315 468 2389 Sicut,
493 2334 594 2397 quum
604 2313 793 2405 nuntiatum
812 2325 901 2382 esset
912 2351 921 2385 ,
943 2331 1002 2394 que

225 2418 302 2479 dam
322 2418 388 2481 sibi
405 2423 578 2496 insidiari,
602 2419 659 2503 qui
686 2412 722 2477 iu
747 2418 931 2479 amicorum
952 2434 1002 2478 era

225 2542 364 2584 numero
396 2522 454 2603 (de
476 2527 619 2609 quilius,
651 2524 741 2603 quod
763 2524 894 2600 inimici
917 2521 1002 2585 detul

223 2642 320 2703 rant,
352 2612 458 2712 neque
484 2631 705 2702 credendum,
735 2647 842 2709 neque
870 2629 1000 2713 neglige

227 2736 306 2797 dum
318 2737 494 2821 putavit);
526 2735 670 2818 experiri
690 2735 817 2809 voluit,
844 2754 963 2803 verum
979 2735 1001 2793 la

184 2848 203 2927 ᾗ
227 2862 342 2903 sumne
362 2830 629 2917 esset'relatum.
672 2840 789 2920 Itaque
812 2860 850 2903 eo
873 2842 1001 2923 profect

224 2961 296 3022 est,
326 2970 390 3030 quo
407 2949 525 3013 itinere
551 2949 680 3015 futuras
706 2946 847 3007 insidias
878 2947 1001 3009 dixeras

135 3084 137 3089 ·
224 3051 291 3115 Sed
325 3055 425 3135 elegit
451 3072 589 3134 corpore
615 3062 648 3121 ct
678 3061 805 3117 statura
834 3051 1001 3113 simillima

227 3158 296 3231 sui,
324 3158 418 3240 eique
437 3153 594 3219 vestitum
621 3176 719 3219 suum
739 3156 850 3229 dedit,
881 3142 980 3239 atque

220 3260 301 3324 'loco
318 3264 367 3325 ire
377 3304 388 3340 ‚
409 3284 473 3346 quc
490 3264 564 3348 ipse
580 3274 818 3339 consueverat,
836 3263 950 3344 jussis.
985 3261 1001 3343 l
