2100 3668
41 296 47 305 .
129 223 188 290 ast
306 215 371 275 xx.
401 210 706 277 rruotnou.
739 227 768 284 1.
786 225 818 287 2.

127 410 194 458 tem
211 396 395 478 putabant,
436 406 469 456 et
493 396 619 459 invidia
649 372 785 458 laudem
814 392 925 479 virtutis

127 505 337 567 obterebant.
380 503 489 567 lister
503 523 580 564 vero
595 512 673 583 post
690 502 730 562 id·
746 505 865 565 iactum
881 519 925 561 nc·

128 629 192 690 que
224 610 360 670 domum
383 611 425 670 ad
452 629 486 669 ae
512 608 621 669 filium
647 607 804 679 admisit,
837 624 924 688 neque

127 715 297 795 adspexit,
320 717 400 796 quin
420 730 495 775 cum
514 716 722 776 fratricidam
740 715 925 796 impiumque

87 828 107 890 6
128 822 296 882 detestans
318 823 545 900 compellaret.
588 819 718 902 Quibus
738 824 841 884 rebus
861 821 924 880 adet

126 927 184 984 ille
207 937 258 985 est
282 937 486 1009 commotus,
514 935 552 984 ut
582 944 833 1005 nonnumquam
859 925 928 986 vitat

126 1029 226 1090 {inem
246 1030 353 1091 facere
377 1031 538 1103 voluerit,
565 1041 663 1110 atque
679 1049 719 1090 ex
738 1031 934 1113 ingratorum·

127 1136 302 1197 hominum
324 1150 503 1219 conspectu
523 1148 630 1197 morte
651 1137 825 1199 decedere.

88 1351 122 1411 11
192 1347 332 1408 Interim
342 1345 451 1405 Dione
464 1345 639 1422 Syracusis
657 1345 851 1419 interfecto,
866 1328 943 1405 Dio·¹

130 1457 248 1533 nysius
280 1471 397 1511 rursus
432 1450 672 1528 Syracusarum
705 1454 835 1533 potitus
879 1463 938 1514 ests

77 1616 80 1621 .
127 1563 222 1637 cuius
240 1561 424 1621 adversarii
436 1580 533 1641 opem
544 1579 563 1620 a
574 1556 757 1619 Corinthiis
769 1560 941 1638 petierunt,

131 1667 334 1746 ducemque,
358 1687 423 1747 quo
439 1668 474 1726 in
496 1668 585 1729 bello
605 1675 800 1737 uterentur,
832 1648 942 1747 postu,-

131 1776 255 1836 larunt.
297 1771 369 1833 Huc
394 1771 569 1831 Timoleon
598 1771 722 1830 missus
758 1771 944 1837 incredibili

130 1879 287 1949 felicitate
324 1876 527 1954 Dionysium
558 1886 628 1937 tota
663 1873 776 1938 Sicilia
810 1877 942 1960 depulit.

90 1985 244 2068 2Quum
266 1980 453 2043 interficere
484 1993 621 2062 posset,
652 1982 780 2053 noluit,
813 1995 941 2068 tutoque

132 2105 171 2153 ut
202 2087 400 2152 Corinthum
436 2088 645 2169 perveniret,
688 2087 817 2148 effecit:
866 2086 947 2173 quod

133 2209 351 2278 utrorumque
372 2193 615 2271 Dionysiorum
637 2193 756 2274 opibus
784 2193 950 2259 Corinthii

133 2321 232 2384 saepe
252 2301 517 2377 adjutisuerant‚
539 2300 634 2376 cujus
654 2301 876 2380 benignitatis
886 2322 951 2389 mc·

132 2409 274 2470 moriam
289 2408 423 2469 volebat
450 2415 602 2488 exstare3
636 2424 775 2486 eamque
802 2411 952 2488 praecia.

135 2535 207 2575 ram
230 2514 401 2576 victoriam
419 2512 578 2582 ducebat,
608 2511 642 2570 in
670 2530 736 2591 qua
760 2512 840 2593 plus
868 2524 952 2578 essai

135 2621 350 2691 clementiae,
389 2639 488 2701 quam
514 2615 740 2692 crudelitatis3
769 2631 952 2700 postremo,

135 2741 174 2789 ut
209 2748 275 2788 non
309 2724 417 2786 solum
448 2722 584 2786 auribus
624 2722 850 2802 acciperetur,
897 2725 952 2787 sed

138 2834 238 2894 etiam
257 2831 362 2893 oculis
382 2840 591 2900 cerneretur,
621 2847 719 2909 quem
740 2840 828 2890 etex
851 2820 952 2911 quan·

136 2950 170 2998 to
195 2958 297 3016 regno
339 2937 382 2998 ad
412 2955 512 3016 quam
540 2937 708 2996 fortunam
740 2935 951 2999 detrusisset.

97 3048 117 3112 3
139 3043 217 3103 Post
236 3022 392 3118 Dionysii
409 3041 582 3102 decessum
607 3063 681 3103 cum
705 3041 824 3105 Hiceta
850 3042 951 3108 bella.

95 3168 103 3181 ¹
138 3152 205 3223 vit,
227 3151 284 3230 qui
304 3147 499 3220 adversatus
513 3146 622 3209 suerat
636 3147 825 3226 Dionysio:
858 3170 951 3231 quern

140 3277 206 3318 non
223 3257 300 3317 odio
327 3256 516 3334 tyrannidis
545 3255 835 3339 dissensisse‘scd
865 3257 951 3342 cupi-
