2086 3676
102 205 146 272 ‚55
266 194 343 257 vu.
374 193 724 258 n‘tcrsstnnuu
757 208 791 273 t·

109 381 186 440 dam
205 379 349 449 rediret,
380 390 535 459 essetque
557 380 590 439 in
618 399 740 459 magna
764 402 825 463 spe
851 403 921 465 pro·

78 549 82 571 Ι
111 486 237 546 vinciae
262 490 347 549 bene
373 486 680 566 administrandae3
717 505 924 567 nonparere

109 593 239 665 noluit,
271 604 303 652 et
325 595 359 652 in
376 595 567 664 triremem,
597 609 681 672 quae
704 591 748 652 ad·
776 609 856 651 eum
879 592 926 652 de·

70 698 313 780 &portandum
333 708 404 758 erat
433 700 549 769 missa,
568 696 727 758 ascendit.
758 696 926 763 HacThu·

110 806 178 865 rios
198 804 233 863 in
254 804 387 865 Italiam
402 814 597 885 pervectus,
627 802 734 862 multa
751 820 870 864 secum
884 822 926 863 re·

110 890 231 994 putans
255 911 294 971 de
322 909 543 970 immoderata
573 909 695 969 civium
727 928 870 970 snorum
894 908 927 968 li·

111 1015 218 1076 centia
242 1014 502 1096 crudelitateque
526 1032 606 1094 erga*
621 1013 771 1090 nobiles,
795 1014 929 1076 utilissi-

111 1142 203 1183 mum
224 1135 336 1195 ratus,
375 1123 624 1203 impendentem
652 1121 781 1183 evitare
810 1136 929 1206 tempe-

113 1240 255 1303 statem,
287 1229 371 1290 clam
386 1248 420 1288 se
439 1247 457 1287 a
476 1229 670 1290 custodibus
693 1227 879 1303 subduxit,
904 1226 944 1289 et=

89 1321 190 1397 'snae
205 1333 512 1417 priminianum,
537 1333 656 1394 cernae
675 1320 815 1395 Thebas*
839 1335 928 1395 vent

71 1450 93 1513 5
115 1424 296 1521 Postquam
322 1452 428 1499 autem
447 1457 482 1498 se
494 1439 619 1521 capitis
638 1414 861 1514 damnatum,
880 1446 928 1507 lio»

113 1549 164 1608 nis
183 1546 380 1628 publicatis,
404 1542 548 1619 audivit,
572 1557 623 1617 et,
646 1546 680 1605 id
696 1546 786 1627 quod
807 1566 920 1609 usuu-

113 1666 231 1727 nerat,
277 1642 494 1734 Eumolpidas
529 1653 719 1714 sacerdotes
754 1672 773 1713 a
814 1650 920 1736 populo

114 1772 267 1832 coactos,
295 1772 332 1819 ut
357 1778 391 1817 sc
415 1744 637 1831 devoverent,
670 1759 811 1835 ejusque
842 1759 926 1820 devo·

113 1864 235 1935 tionis,
257 1884 323 1942 quo
342 1865 495 1924 testatior
513 1875 602 1925 esset
620 1862 805 1935 memoria,
832 1849 931 1927 exem·

114 1969 231 2049 plum,
252 1968 286 2027 in
303 1969 379 2049 pili
393 1969 526 2051 lapidea
552 1970 711 2043 incisum,
745 1986 822 2029 esse
849 1969 934 2053 posi·

116 2082 187 2135 tum
205 2077 239 2132 in
257 2074 405 2155 publico,
419 2075 702 2138 Lacedaemonem
726 2075 932 2161 demigravit.

77 2182 186 2252 6lbi,
214 2192 251 2240 ut
278 2180 359 2260 ipse,
379 2183 571 2260 praedicare
600 2194 843 2257 consueverat,
872 2203 934 2243 non

5 2278 7 2283 ’
118 2285 278 2353 adversus
290 2285 446 2366 patriam,
462 2291 520 2350 sed
537 2288 688 2351 inimicos
710 2308 788 2349 suos
808 2291 936 2352 bellum
968 2276 970 2287 ¹

118 2389 239 2470 gessit,
276 2393 367 2470 quod
390 2393 492 2454 iidem
517 2393 631 2456 hostes
659 2406 771 2455 essent
798 2394 936 2457 civitati.

118 2496 321 2575 Namquum
338 2498 582 2580 intelligerent,
605 2521 639 2560 se
658 2501 842 2581 plurimum
860 2523 938 2585 pro·

117 2604 215 2671 desse
239 2624 339 2684 posse
370 2606 594 2687 reipublicae,
635 2591 684 2668 ex‘
704 2627 742 2668 ea
777 2608 937 2684 ejecisse,

117 2709 259 2797 plusque
278 2712 347 2771 irae
365 2696 461 2785 suae,
483 2733 582 2791 quam
608 2713 745 2774 utilitati
769 2717 941 2777 communi

76 2798 283 2894 tparuisse.
326 2814 441 2899 Itaque
467 2818 568 2887 huius
600 2818 740 2879 consilio
770 2820 941 2885 Lacedae-

118 2921 225 2981 monii
239 2942 312 2982 cum
331 2924 509 2986 Persarum
531 2944 615 3010 rege
646 2925 824 2987 amicitiam
848 2929 940 2990 fece·

46 3025 71 3041 ”
117 3037 217 3106 runt3
258 3029 378 3103 deinde
402 3029 581 3092 Deceleam
602 3030 635 3090 in
660 3033 770 3093 Attica
807 3036 939 3095 munie-

3 3126 17 3199 ⁸.
117 3116 215 3203 runt,
248 3133 481 3214 praesidioque
508 3135 555 3198 ibi
578 3150 739 3218 perpetuo
764 3139 876 3220 posito
902 3141 940 3201 in

118 3236 292 3300 obsidione
301 3239 452 3305 Athenas
470 3255 658 3308 tennerunt.
681 3245 940 3333 Ejusdemope-
