2100 3668
153 214 724 292 xvll.attEslt.AtJ8.p.5.
821 229 880 294 233

43 413 273 479 conservavit.
308 400 668 488 ltaque‘pruedicabat,
691 397 807 461 mirari
826 422 873 477 se,
899 422 920 488 g
997 392 999 397 ’

44 540 121 582 non
142 518 382 596 sacrilegorum
399 529 538 571 numero
558 506 689 576 haberi,
720 505 779 585 qui
797 526 877 591 sup.

46 624 198 707 plicibus
218 640 334 682 eorum
349 616 562 694 nocuissent3
585 624 726 677 autnon
744 615 879 692 gravio.

48 729 154 793 ribus.
170 728 288 811 poenis
314 723 422 797 allici,
451 721 509 803 qui
531 718 728 797 religionem
745 719 880 781 minue.

49 844 155 905 rent,
173 853 277 916 quam,
294 831 353 914 qui
374 831 454 890 lana
475 825 671 908 spoliarent.

137 1040 218 1105 Post
244 1043 309 1104 hoe
336 1008 503 1122 proelium
525 1034 684 1099 collatum
706 1047 758 1099 est
776 1058 875 1103 omne
890 1041 920 1103 V

51 1146 186 1219 bellum
219 1149 305 1209 circa
338 1142 556 1216 Corinthum,
589 1142 731 1222 ideoq-ue
762 1142 881 1209 Corin.

53 1250 169 1313 urium
187 1263 238 1311 est
255 1249 490 1332 appellatum.
515 1242 577 1308 Hic
604 1268 708 1327 quum
732 1270 800 1313 una
820 1268 925 1337 prr-2

54 1358 250 1439 gondesem
258 1352 535 1427 milliahostium,
549 1354 704 1434 Agesilao
718 1357 812 1433 dues,
831 1380 885 1423 ce.

31 1463 240 1535 ¹cidissent,
264 1479 369 1541 eoque
396 1462 482 1520 facto
505 1478 585 1541 opes
613 1462 884 1527 adversariorum

59 1566 256 1631 debilitatae
292 1567 506 1627 viderentur:
541 1577 670 1634 tantum
702 1568 811 1631 abfuit
841 1574 884 1633 ab

61 1673 242 1737 insolentia
261 1671 388 1751 gloriae
398 1708 408 1742 ,
430 1679 468 1729 ut
486 1670 737 1734 commiseratus
755 1673 798 1731 sit
814 1673 892 1743 for.¹

66 1788 179 1841 unam
192 1776 369 1849 Graeciae,
387 1766 554 1857 quodiam
567 1777 691 1840 multia
703 1798 737 1839 se
750 1782 828 1843 victi
837 1783 886 1843 vi.

65 1883 114 1947 tio
128 1882 398 1945 adversariorum
411 1881 649 1943 concidissent:
672 1903 815 1966 namque
826 1887 887 1952 illa

64 1988 301 2059 multitudine,
333 1988 361 2046 si
380 2007 461 2049 sana
480 2007 575 2049 mens
603 2001 692 2050 esset
716 1991 887 2069 Graeciae,

64 2093 658 2201 suppliciumPersasdarepotuisse.
682 2094 775 2156 Idem
786 2119 888 2179 quum
910 2107 929 2172 5

65 2200 280 2267 adversarios
300 2200 391 2261 intra
416 2201 549 2263 moenia
569 2200 808 2282 compulisset,
837 2216 889 2278 et,

64 2318 106 2373 ut
128 2304 329 2367 Corinthum
348 2318 575 2387 oppugnaret,
598 2307 695 2367 multi
713 2306 892 2370 hortaren-

66 2424 146 2486 tur,
177 2411 330 2492 negavit,
351 2408 388 2471 id
402 2429 481 2472 suae
498 2411 615 2470 virtuti
634 2414 833 2476 convenire:
855 2433 893 2477 sc

68 2518 162 2581 enim
183 2536 259 2578 eum
280 2535 354 2579 esse
382 2517 486 2590 dixit,
518 2517 577 2597 qui
598 2517 641 2578 ad
653 2517 802 2583 officium
813 2539 892 2601 pec.

68 2635 183 2687 cantes
205 2623 315 2684 redire
333 2635 485 2703 cogeret,
514 2643 601 2696 non,
630 2624 688 2703 qui
707 2627 809 2687 urbes
830 2645 893 2686 no.

68 2731 256 2801 bilissimas
280 2740 487 2809 expugnaret
503 2728 684 2796 -Graeciae
731 2712 821 2792 Nam
851 2735 936 2805 εἰμί

70 2837 193 2919 inquit,
214 2852 273 2897 eos
285 2839 507 2912 exstinguere
528 2837 749 2907 astiterimus,
764 2837 823 2914 qui
834 2852 893 2894 no-

72 2938 206 3013 biseum
220 2942 387 3003 adsersus
410 2940 577 3003 barbaros
602 2949 794 3011 steterunt,
815 2958 895 3003 nco·

73 3051 214 3123 metipsi
238 3064 302 3119 raca
318 3048 652 3125 expugnaverimus,
684 3044 756 3104 iliis
783 3046 895 3125 quies-

75 3156 242 3217 centibus.
288 3155 363 3231 Quo
383 3145 583 3231 facturine
611 3152 765 3228 negotio,
795 3164 898 3228 quum

76 3262 271 3334 potuerint,
300 3274 363 3320 nor
384 3257 588 3343 oppriment.
